<?xml version="1.0" encoding="UTF-8"?>
<!DOCTYPE html PUBLIC "-//W3C//DTD XHTML 1.0 Transitional//EN"
    "http://www.w3.org/TR/xhtml1/DTD/xhtml1-transitional.dtd">
<html xmlns="http://www.w3.org/1999/xhtml" xml:lang="en" lang="en">
 <head>
  <title>
</title>
<meta http-equiv="Content-Type" content="text/html;charset=utf-8" />
  <meta name='ocr-system' content='tesseract 3.04.00' />
  <meta name='ocr-capabilities' content='ocr_page ocr_carea ocr_par ocr_line ocrx_word'/>
</head>
<body>
  <div class='ocr_page' id='page_1' title='image "./dellasolenneinco00firm_0109.png"; bbox 0 0 2441 3841; ppageno 0'>
   <div class='ocr_carea' id='block_1_1' title="bbox 333 567 1816 2008">
    <p class='ocr_par' dir='ltr' id='par_1_1' title="bbox 338 567 1812 1174">
     <span class='ocr_line' id='line_1_1' title="bbox 347 567 1812 650; baseline -0.003 -22"><span class='ocrx_word' id='word_1_1' title='bbox 347 567 659 650; x_wconf 78' lang='lat' dir='ltr'>(postquam</span> <span class='ocrx_word' id='word_1_2' title='bbox 670 573 904 630; x_wconf 78' lang='lat' dir='ltr'>Sanctis5.</span> <span class='ocrx_word' id='word_1_3' title='bbox 916 572 1179 628; x_wconf 88' lang='lat' dir='ltr'>Dominus</span> <span class='ocrx_word' id='word_1_4' title='bbox 1201 568 1467 645; x_wconf 75' lang='lat' dir='ltr'>discessit)</span> <span class='ocrx_word' id='word_1_5' title='bbox 1486 568 1584 624; x_wconf 89' lang='lat' dir='ltr'>fuit</span> <span class='ocrx_word' id='word_1_6' title='bbox 1598 590 1624 623; x_wconf 90' lang='lat' dir='ltr'>a</span> <span class='ocrx_word' id='word_1_7' title='bbox 1638 568 1812 624; x_wconf 91' lang='lat' dir='ltr'>Colle-</span> 
     </span>
     <span class='ocr_line' id='line_1_2' title="bbox 345 645 1808 722; baseline -0.003 -20"><span class='ocrx_word' id='word_1_8' title='bbox 345 652 427 721; x_wconf 84' lang='lat' dir='ltr'>gio</span> <span class='ocrx_word' id='word_1_9' title='bbox 456 652 728 705; x_wconf 82' lang='lat' dir='ltr'>associatus</span> <span class='ocrx_word' id='word_1_10' title='bbox 751 694 764 719; x_wconf 87' lang='lat'>‚</span> <span class='ocrx_word' id='word_1_11' title='bbox 801 665 995 722; x_wconf 83' lang='lat' dir='ltr'>gestans</span> <span class='ocrx_word' id='word_1_12' title='bbox 1023 649 1210 703; x_wconf 84' lang='lat' dir='ltr'>Rosam</span> <span class='ocrx_word' id='word_1_13' title='bbox 1230 645 1315 721; x_wconf 80' lang='lat'>(8)</span> <span class='ocrx_word' id='word_1_14' title='bbox 1333 646 1626 701; x_wconf 85' lang='lat' dir='ltr'>secundum</span> <span class='ocrx_word' id='word_1_15' title='bbox 1645 646 1808 698; x_wconf 86' lang='lat' dir='ltr'>ritum</span> 
     </span>
     <span class='ocr_line' id='line_1_3' title="bbox 343 719 1810 800; baseline -0.003 -22"><span class='ocrx_word' id='word_1_16' title='bbox 343 746 513 800; x_wconf 87' lang='lat' dir='ltr'>u-sque</span> <span class='ocrx_word' id='word_1_17' title='bbox 557 726 626 779; x_wconf 88' lang='lat' dir='ltr'>ad</span> <span class='ocrx_word' id='word_1_18' title='bbox 669 727 872 780; x_wconf 79' lang='lat' dir='ltr'>tertiam</span> <span class='ocrx_word' id='word_1_19' title='bbox 912 723 1083 777; x_wconf 87' lang='lat' dir='ltr'>aulam</span> <span class='ocrx_word' id='word_1_20' title='bbox 1127 723 1311 778; x_wconf 83' lang='lat' dir='ltr'>Turris</span> <span class='ocrx_word' id='word_1_21' title='bbox 1356 723 1565 793; x_wconf 81' lang='lat' dir='ltr'>Borgiae</span> <span class='ocrx_word' id='word_1_22' title='bbox 1602 719 1810 774; x_wconf 87' lang='lat' dir='ltr'>medius</span> 
     </span>
     <span class='ocr_line' id='line_1_4' title="bbox 342 795 1809 875; baseline -0.003 -23"><span class='ocrx_word' id='word_1_23' title='bbox 342 801 476 854; x_wconf 79' lang='lat' dir='ltr'>inter</span> <span class='ocrx_word' id='word_1_24' title='bbox 502 802 635 855; x_wconf 89' lang='lat' dir='ltr'>duos</span> <span class='ocrx_word' id='word_1_25' title='bbox 662 802 977 875; x_wconf 83' lang='lat' dir='ltr'>antiquiores</span> <span class='ocrx_word' id='word_1_26' title='bbox 999 800 1257 851; x_wconf 86' lang='lat' dir='ltr'>Diaconos</span> <span class='ocrx_word' id='word_1_27' title='bbox 1284 813 1399 869; x_wconf 88' lang='lat' dir='ltr'>post</span> <span class='ocrx_word' id='word_1_28' title='bbox 1425 817 1606 850; x_wconf 89' lang='lat' dir='ltr'>omnes</span> <span class='ocrx_word' id='word_1_29' title='bbox 1625 795 1809 852; x_wconf 88' lang='lat' dir='ltr'>Cardi-</span> 
     </span>
     <span class='ocr_line' id='line_1_5' title="bbox 339 871 1810 946; baseline -0.003 -18"><span class='ocrx_word' id='word_1_30' title='bbox 339 876 479 929; x_wconf 87' lang='lat' dir='ltr'>nales</span> <span class='ocrx_word' id='word_1_31' title='bbox 498 921 512 946; x_wconf 82' lang='lat'>‚</span> <span class='ocrx_word' id='word_1_32' title='bbox 539 876 832 930; x_wconf 85' lang='lat' dir='ltr'>secundum</span> <span class='ocrx_word' id='word_1_33' title='bbox 860 875 1020 927; x_wconf 87' lang='lat' dir='ltr'>ritum</span> <span class='ocrx_word' id='word_1_34' title='bbox 1041 916 1054 941; x_wconf 84' lang='lat'>‚</span> <span class='ocrx_word' id='word_1_35' title='bbox 1082 888 1134 925; x_wconf 88' lang='lat' dir='ltr'>et</span> <span class='ocrx_word' id='word_1_36' title='bbox 1162 873 1217 925; x_wconf 88' lang='lat' dir='ltr'>in</span> <span class='ocrx_word' id='word_1_37' title='bbox 1244 871 1383 924; x_wconf 89' lang='lat' dir='ltr'>dicta</span> <span class='ocrx_word' id='word_1_38' title='bbox 1411 871 1525 924; x_wconf 89' lang='lat' dir='ltr'>aula</span> <span class='ocrx_word' id='word_1_39' title='bbox 1553 872 1647 925; x_wconf 88' lang='lat' dir='ltr'>ivit</span> <span class='ocrx_word' id='word_1_40' title='bbox 1684 890 1810 935; x_wconf 78' lang='lat' dir='ltr'>cum</span> 
     </span>
     <span class='ocr_line' id='line_1_6' title="bbox 341 945 1809 1022; baseline -0.005 -17"><span class='ocrx_word' id='word_1_41' title='bbox 341 951 474 1005; x_wconf 86' lang='lat' dir='ltr'>Rosa</span> <span class='ocrx_word' id='word_1_42' title='bbox 512 951 579 1004; x_wconf 84' lang='lat' dir='ltr'>ad</span> <span class='ocrx_word' id='word_1_43' title='bbox 613 949 832 1022; x_wconf 84' lang='lat' dir='ltr'>agendas</span> <span class='ocrx_word' id='word_1_44' title='bbox 877 948 1058 1020; x_wconf 84' lang='lat' dir='ltr'>gratias</span> <span class='ocrx_word' id='word_1_45' title='bbox 1102 945 1468 1001; x_wconf 88' lang='lat' dir='ltr'>Cardinalibus</span> <span class='ocrx_word' id='word_1_46' title='bbox 1514 948 1570 998; x_wconf 85' lang='lat' dir='ltr'>in·</span> <span class='ocrx_word' id='word_1_47' title='bbox 1612 945 1809 998; x_wconf 90' lang='lat' dir='ltr'>circulo</span> 
     </span>
     <span class='ocr_line' id='line_1_7' title="bbox 338 1020 1809 1093; baseline -0.004 -15"><span class='ocrx_word' id='word_1_48' title='bbox 338 1026 614 1093; x_wconf 82' lang='lat' dir='ltr'>stantibus,</span> <span class='ocrx_word' id='word_1_49' title='bbox 641 1041 692 1078; x_wconf 89' lang='lat' dir='ltr'>et</span> <span class='ocrx_word' id='word_1_50' title='bbox 717 1024 819 1078; x_wconf 88' lang='lat' dir='ltr'>fuit</span> <span class='ocrx_word' id='word_1_51' title='bbox 847 1039 1006 1092; x_wconf 67' lang='lat' dir='ltr'>stam,</span> <span class='ocrx_word' id='word_1_52' title='bbox 1034 1021 1203 1076; x_wconf 84' lang='lat' dir='ltr'>donec</span> <span class='ocrx_word' id='word_1_53' title='bbox 1231 1042 1412 1076; x_wconf 86' lang='lat' dir='ltr'>omnes</span> <span class='ocrx_word' id='word_1_54' title='bbox 1439 1020 1809 1089; x_wconf 79' lang='lat' dir='ltr'>discesserunt,</span> 
     </span>
     <span class='ocr_line' id='line_1_8' title="bbox 338 1099 1636 1174; baseline -0.002 -21"><span class='ocrx_word' id='word_1_55' title='bbox 338 1120 543 1174; x_wconf 87' lang='lat' dir='ltr'>semper</span> <span class='ocrx_word' id='word_1_56' title='bbox 571 1117 751 1155; x_wconf 87' lang='lat' dir='ltr'>tenens</span> <span class='ocrx_word' id='word_1_57' title='bbox 778 1101 963 1155; x_wconf 82' lang='lat' dir='ltr'>Rosam</span> <span class='ocrx_word' id='word_1_58' title='bbox 980 1143 993 1168; x_wconf 82' lang='lat'>‚</span> <span class='ocrx_word' id='word_1_59' title='bbox 1020 1119 1126 1152; x_wconf 90' lang='lat' dir='ltr'>non</span> <span class='ocrx_word' id='word_1_60' title='bbox 1154 1114 1325 1152; x_wconf 87' lang='lat' dir='ltr'>tamen</span> <span class='ocrx_word' id='word_1_61' title='bbox 1354 1099 1636 1153; x_wconf 88' lang='lat' dir='ltr'>Coronam.</span> 
     </span>
    </p>

    <p class='ocr_par' dir='ltr' id='par_1_2' title="bbox 333 1172 1816 2008">
     <span class='ocr_line' id='line_1_9' title="bbox 416 1172 1809 1250; baseline -0.005 -20"><span class='ocrx_word' id='word_1_62' title='bbox 416 1177 475 1230; x_wconf 90' lang='lat' dir='ltr'>In</span> <span class='ocrx_word' id='word_1_63' title='bbox 504 1197 660 1250; x_wconf 83' lang='lat' dir='ltr'>parva</span> <span class='ocrx_word' id='word_1_64' title='bbox 688 1195 889 1230; x_wconf 89' lang='lat' dir='ltr'>camera</span> <span class='ocrx_word' id='word_1_65' title='bbox 916 1175 960 1229; x_wconf 88' lang='lat' dir='ltr'>F</span> <span class='ocrx_word' id='word_1_66' title='bbox 963 1173 1109 1228; x_wconf 91' lang='lat' dir='ltr'>aldae</span> <span class='ocrx_word' id='word_1_67' title='bbox 1154 1189 1298 1228; x_wconf 84' lang='lat' dir='ltr'>erant</span> <span class='ocrx_word' id='word_1_68' title='bbox 1342 1173 1487 1228; x_wconf 87' lang='lat' dir='ltr'>dicto</span> <span class='ocrx_word' id='word_1_69' title='bbox 1532 1191 1681 1226; x_wconf 90' lang='lat' dir='ltr'>mane</span> <span class='ocrx_word' id='word_1_70' title='bbox 1709 1172 1809 1225; x_wconf 86' lang='lat' dir='ltr'>Re-</span> 
     </span>
     <span class='ocr_line' id='line_1_10' title="bbox 338 1246 1807 1326; baseline -0.004 -21"><span class='ocrx_word' id='word_1_71' title='bbox 338 1253 618 1307; x_wconf 78' lang='lat' dir='ltr'>verendiss.</span> <span class='ocrx_word' id='word_1_72' title='bbox 647 1253 901 1326; x_wconf 84' lang='lat' dir='ltr'>Moronus</span> <span class='ocrx_word' id='word_1_73' title='bbox 921 1295 934 1320; x_wconf 83' lang='lat'>‚</span> <span class='ocrx_word' id='word_1_74' title='bbox 972 1250 1355 1305; x_wconf 82' lang='lat' dir='ltr'>Alexandrinus</span> <span class='ocrx_word' id='word_1_75' title='bbox 1375 1296 1388 1319; x_wconf 85' lang='lat'>‚</span> <span class='ocrx_word' id='word_1_76' title='bbox 1433 1265 1483 1303; x_wconf 89' lang='lat' dir='ltr'>et</span> <span class='ocrx_word' id='word_1_77' title='bbox 1528 1249 1594 1301; x_wconf 84' lang='lat' dir='ltr'>ab</span> <span class='ocrx_word' id='word_1_78' title='bbox 1621 1246 1807 1301; x_wconf 89' lang='lat' dir='ltr'>Eccle-</span> 
     </span>
     <span class='ocr_line' id='line_1_11' title="bbox 338 1326 1806 1403; baseline -0.003 -24"><span class='ocrx_word' id='word_1_79' title='bbox 338 1328 406 1380; x_wconf 87' lang='lat' dir='ltr'>sia</span> <span class='ocrx_word' id='word_1_80' title='bbox 429 1372 442 1396; x_wconf 88' lang='lat'><strong>‚</strong></span> <span class='ocrx_word' id='word_1_81' title='bbox 470 1345 627 1403; x_wconf 81' lang='lat' dir='ltr'>atque</span> <span class='ocrx_word' id='word_1_82' title='bbox 657 1330 813 1383; x_wconf 86' lang='lat' dir='ltr'>Dom.</span> <span class='ocrx_word' id='word_1_83' title='bbox 842 1329 925 1381; x_wconf 91' lang='lat' dir='ltr'>De</span> <span class='ocrx_word' id='word_1_84' title='bbox 955 1330 1146 1381; x_wconf 85' lang='lat' dir='ltr'>Torres</span> <span class='ocrx_word' id='word_1_85' title='bbox 1175 1326 1413 1381; x_wconf 86' lang='lat' dir='ltr'>Clericus</span> <span class='ocrx_word' id='word_1_86' title='bbox 1442 1326 1716 1392; x_wconf 82' lang='lat' dir='ltr'>Gamerae,</span> <span class='ocrx_word' id='word_1_87' title='bbox 1752 1336 1806 1375; x_wconf 82' lang='lat' dir='ltr'>et</span> 
     </span>
     <span class='ocr_line' id='line_1_12' title="bbox 340 1399 1802 1477; baseline -0.003 -21"><span class='ocrx_word' id='word_1_88' title='bbox 340 1403 559 1477; x_wconf 82' lang='lat' dir='ltr'>quidam</span> <span class='ocrx_word' id='word_1_89' title='bbox 586 1403 911 1459; x_wconf 88' lang='lat' dir='ltr'>Cubicularii</span> <span class='ocrx_word' id='word_1_90' title='bbox 939 1404 1134 1457; x_wconf 83' lang='lat' dir='ltr'>Secreti</span> <span class='ocrx_word' id='word_1_91' title='bbox 1174 1417 1462 1475; x_wconf 84' lang='lat' dir='ltr'>praesentes</span> <span class='ocrx_word' id='word_1_92' title='bbox 1482 1445 1496 1470; x_wconf 79' lang='lat'>‚</span> <span class='ocrx_word' id='word_1_93' title='bbox 1524 1399 1802 1454; x_wconf 84' lang='lat' dir='ltr'>videlicet:</span> 
     </span>
     <span class='ocr_line' id='line_1_13' title="bbox 338 1476 1805 1550; baseline -0.005 -15"><span class='ocrx_word' id='word_1_94' title='bbox 338 1480 447 1535; x_wconf 86' lang='lat' dir='ltr'>RR.</span> <span class='ocrx_word' id='word_1_95' title='bbox 478 1481 599 1534; x_wconf 90' lang='lat' dir='ltr'>DD.</span> <span class='ocrx_word' id='word_1_96' title='bbox 622 1478 943 1535; x_wconf 84' lang='lat' dir='ltr'>Guillelmus</span> <span class='ocrx_word' id='word_1_97' title='bbox 964 1477 1302 1550; x_wconf 84' lang='lat' dir='ltr'>Sangallettus</span> <span class='ocrx_word' id='word_1_98' title='bbox 1321 1477 1693 1532; x_wconf 83' lang='lat' dir='ltr'>Thesaurarius</span> <span class='ocrx_word' id='word_1_99' title='bbox 1713 1476 1805 1528; x_wconf 78' lang='lat' dir='ltr'>Se-</span> 
     </span>
     <span class='ocr_line' id='line_1_14' title="bbox 338 1548 1803 1624; baseline -0.004 -16"><span class='ocrx_word' id='word_1_100' title='bbox 338 1572 531 1623; x_wconf 84' lang='lat' dir='ltr'>cretus‚</span> <span class='ocrx_word' id='word_1_101' title='bbox 553 1555 866 1609; x_wconf 84' lang='lat' dir='ltr'>Theodorus</span> <span class='ocrx_word' id='word_1_102' title='bbox 885 1553 1203 1624; x_wconf 79' lang='lat' dir='ltr'>Florentius,</span> <span class='ocrx_word' id='word_1_103' title='bbox 1224 1554 1536 1608; x_wconf 85' lang='lat' dir='ltr'>Iustinianus</span> <span class='ocrx_word' id='word_1_104' title='bbox 1565 1548 1803 1619; x_wconf 71' lang='lat' dir='ltr'>orfimas,</span> 
     </span>
     <span class='ocr_line' id='line_1_15' title="bbox 338 1627 1802 1697; baseline -0.002 -15"><span class='ocrx_word' id='word_1_105' title='bbox 338 1647 389 1682; x_wconf 74' lang='lat' dir='ltr'>et.</span> <span class='ocrx_word' id='word_1_106' title='bbox 418 1632 483 1684; x_wconf 91' lang='lat' dir='ltr'>D.</span> <span class='ocrx_word' id='word_1_107' title='bbox 513 1632 556 1682; x_wconf 83' lang='lat' dir='ltr'>F</span> <span class='ocrx_word' id='word_1_108' title='bbox 561 1633 816 1684; x_wconf 86' lang='lat' dir='ltr'>ranciscus</span> <span class='ocrx_word' id='word_1_109' title='bbox 845 1633 1096 1684; x_wconf 85' lang='lat' dir='ltr'>Rainosus</span> <span class='ocrx_word' id='word_1_110' title='bbox 1116 1674 1128 1697; x_wconf 73' lang='lat'><em>,</em></span> <span class='ocrx_word' id='word_1_111' title='bbox 1166 1646 1216 1683; x_wconf 84' lang='lat' dir='ltr'>et</span> <span class='ocrx_word' id='word_1_112' title='bbox 1254 1632 1321 1684; x_wconf 93' lang='lat' dir='ltr'>D.</span> <span class='ocrx_word' id='word_1_113' title='bbox 1360 1631 1548 1684; x_wconf 88' lang='lat' dir='ltr'>Cacsar</span> <span class='ocrx_word' id='word_1_114' title='bbox 1593 1627 1802 1682; x_wconf 88' lang='lat' dir='ltr'>Glorie-</span> 
     </span>
     <span class='ocr_line' id='line_1_16' title="bbox 335 1705 1801 1779; baseline -0.003 -21"><span class='ocrx_word' id='word_1_115' title='bbox 335 1727 421 1758; x_wconf 84' lang='lat' dir='ltr'>rus</span> <span class='ocrx_word' id='word_1_116' title='bbox 444 1750 456 1773; x_wconf 77' lang='lat'><strong><em>‚</em></strong></span> <span class='ocrx_word' id='word_1_117' title='bbox 486 1706 701 1779; x_wconf 85' lang='lat' dir='ltr'>quando</span> <span class='ocrx_word' id='word_1_118' title='bbox 729 1707 918 1758; x_wconf 82' lang='lat' dir='ltr'>Orator</span> <span class='ocrx_word' id='word_1_119' title='bbox 947 1706 1175 1758; x_wconf 83' lang='lat' dir='ltr'>Caesaris</span> <span class='ocrx_word' id='word_1_120' title='bbox 1204 1705 1304 1758; x_wconf 87' lang='lat' dir='ltr'>fuit</span> <span class='ocrx_word' id='word_1_121' title='bbox 1333 1719 1678 1776; x_wconf 85' lang='lat' dir='ltr'>praesentatus</span> <span class='ocrx_word' id='word_1_122' title='bbox 1707 1723 1801 1755; x_wconf 76' lang='lat' dir='ltr'>no-</span> 
     </span>
     <span class='ocr_line' id='line_1_17' title="bbox 334 1777 1799 1852; baseline -0.003 -19"><span class='ocrx_word' id='word_1_123' title='bbox 334 1783 474 1834; x_wconf 81' lang='lat' dir='ltr'>mine</span> <span class='ocrx_word' id='word_1_124' title='bbox 504 1784 553 1836; x_wconf 91' lang='lat' dir='ltr'>S.</span> <span class='ocrx_word' id='word_1_125' title='bbox 583 1781 644 1834; x_wconf 89' lang='lat' dir='ltr'>C.</span> <span class='ocrx_word' id='word_1_126' title='bbox 674 1780 978 1850; x_wconf 80' lang='lat' dir='ltr'>Majestatis‚</span> <span class='ocrx_word' id='word_1_127' title='bbox 1006 1777 1156 1852; x_wconf 83' lang='lat' dir='ltr'>quod</span> <span class='ocrx_word' id='word_1_128' title='bbox 1182 1800 1287 1832; x_wconf 88' lang='lat' dir='ltr'>non</span> <span class='ocrx_word' id='word_1_129' title='bbox 1315 1779 1526 1832; x_wconf 79' lang='lat' dir='ltr'>claretur</span> <span class='ocrx_word' id='word_1_130' title='bbox 1552 1798 1685 1831; x_wconf 72' lang='lat' dir='ltr'>nova</span> <span class='ocrx_word' id='word_1_131' title='bbox 1704 1779 1799 1830; x_wconf 91' lang='lat' dir='ltr'>Di-</span> 
     </span>
     <span class='ocr_line' id='line_1_18' title="bbox 333 1851 1804 1928; baseline -0.002 -19"><span class='ocrx_word' id='word_1_132' title='bbox 333 1858 518 1928; x_wconf 65' lang='lat' dir='ltr'>gnstas,</span> <span class='ocrx_word' id='word_1_133' title='bbox 544 1859 651 1910; x_wconf 85' lang='lat' dir='ltr'>sive</span> <span class='ocrx_word' id='word_1_134' title='bbox 688 1876 857 1909; x_wconf 86' lang='lat' dir='ltr'>novus</span> <span class='ocrx_word' id='word_1_135' title='bbox 902 1854 1115 1910; x_wconf 75' lang='lat' dir='ltr'>Titulus</span> <span class='ocrx_word' id='word_1_136' title='bbox 1160 1856 1302 1908; x_wconf 89' lang='lat' dir='ltr'>Duci</span> <span class='ocrx_word' id='word_1_137' title='bbox 1346 1853 1638 1908; x_wconf 85' lang='lat' dir='ltr'>Florentiae</span> <span class='ocrx_word' id='word_1_138' title='bbox 1683 1851 1767 1927; x_wconf 77' lang='lat' dir='ltr'>(a)</span> <span class='ocrx_word' id='word_1_139' title='bbox 1790 1896 1804 1922; x_wconf 82' lang='lat'>‚</span> 
     </span>
     <span class='ocr_line' id='line_1_19' title="bbox 333 1929 1816 2008; baseline -0.003 -23"><span class='ocrx_word' id='word_1_140' title='bbox 333 1954 394 1986; x_wconf 81' lang='lat' dir='ltr'>ex</span> <span class='ocrx_word' id='word_1_141' title='bbox 423 1953 530 2008; x_wconf 82' lang='lat' dir='ltr'>quo</span> <span class='ocrx_word' id='word_1_142' title='bbox 558 1932 848 2002; x_wconf 82' lang='lat' dir='ltr'>Florentia,</span> <span class='ocrx_word' id='word_1_143' title='bbox 875 1947 926 1985; x_wconf 88' lang='lat' dir='ltr'>et</span> <span class='ocrx_word' id='word_1_144' title='bbox 956 1934 1117 1985; x_wconf 86' lang='lat' dir='ltr'>Senae</span> <span class='ocrx_word' id='word_1_145' title='bbox 1138 1947 1280 1984; x_wconf 85' lang='lat' dir='ltr'>erant</span> <span class='ocrx_word' id='word_1_146' title='bbox 1300 1932 1548 1986; x_wconf 83' lang='lat' dir='ltr'>Gamerae</span> <span class='ocrx_word' id='word_1_147' title='bbox 1565 1929 1816 2001; x_wconf 59' lang='lat' dir='ltr'>Imperii,</span> 
     </span>
    </p>
   </div>
   <div class='ocr_carea' id='block_1_2' title="bbox 336 2088 1815 2986">
    <p class='ocr_par' dir='ltr' id='par_1_3' title="bbox 336 2088 1815 2986">
     <span class='ocr_line' id='line_1_20' title="bbox 396 2088 1802 2149; baseline 0 -16"><span class='ocrx_word' id='word_1_148' title='bbox 396 2093 469 2146; x_wconf 75' lang='lat' dir='ltr'>(a)</span> <span class='ocrx_word' id='word_1_149' title='bbox 502 2090 538 2133; x_wconf 83' lang='lat' dir='ltr'>ll</span> <span class='ocrx_word' id='word_1_150' title='bbox 570 2090 767 2135; x_wconf 85' lang='lat' dir='ltr'>Galluzzi</span> <span class='ocrx_word' id='word_1_151' title='bbox 782 2124 798 2144; x_wconf 87' lang='lat'><em>,</em></span> <span class='ocrx_word' id='word_1_152' title='bbox 829 2092 907 2135; x_wconf 85' lang='lat' dir='ltr'>che</span> <span class='ocrx_word' id='word_1_153' title='bbox 941 2107 1016 2149; x_wconf 87' lang='lat' dir='ltr'>per</span> <span class='ocrx_word' id='word_1_154' title='bbox 1048 2108 1146 2136; x_wconf 75' lang='lat' dir='ltr'>aver</span> <span class='ocrx_word' id='word_1_155' title='bbox 1177 2090 1357 2139; x_wconf 73' lang='lat' dir='ltr'>desumo</span> <span class='ocrx_word' id='word_1_156' title='bbox 1389 2088 1701 2134; x_wconf 85' lang='lat' dir='ltr'>dall’Archivio</span> <span class='ocrx_word' id='word_1_157' title='bbox 1726 2088 1802 2133; x_wconf 85' lang='lat' dir='ltr'>Se·-</span> 
     </span>
     <span class='ocr_line' id='line_1_21' title="bbox 338 2150 1803 2209; baseline -0.001 -17"><span class='ocrx_word' id='word_1_158' title='bbox 338 2163 453 2206; x_wconf 84' lang='lat' dir='ltr'>greto</span> <span class='ocrx_word' id='word_1_159' title='bbox 486 2150 499 2191; x_wconf 90' lang='lat' dir='ltr'>i</span> <span class='ocrx_word' id='word_1_160' title='bbox 534 2150 743 2194; x_wconf 81' lang='lat' dir='ltr'>materiali</span> <span class='ocrx_word' id='word_1_161' title='bbox 774 2168 847 2209; x_wconf 87' lang='lat' dir='ltr'>per</span> <span class='ocrx_word' id='word_1_162' title='bbox 877 2151 915 2194; x_wconf 85' lang='lat' dir='ltr'>la</span> <span class='ocrx_word' id='word_1_163' title='bbox 948 2168 1023 2194; x_wconf 87' lang='lat' dir='ltr'>sua</span> <span class='ocrx_word' id='word_1_164' title='bbox 1056 2153 1220 2195; x_wconf 82' lang='lat' dir='ltr'>Istoria</span> <span class='ocrx_word' id='word_1_165' title='bbox 1244 2152 1322 2194; x_wconf 84' lang='lat' dir='ltr'>del</span> <span class='ocrx_word' id='word_1_166' title='bbox 1357 2151 1683 2196; x_wconf 73' lang='lat' dir='ltr'>Gran-ducato</span> <span class='ocrx_word' id='word_1_167' title='bbox 1715 2165 1803 2190; x_wconf 87' lang='lat' dir='ltr'>cre·</span> 
     </span>
     <span class='ocr_line' id='line_1_22' title="bbox 336 2210 1801 2268; baseline -0.004 -14"><span class='ocrx_word' id='word_1_168' title='bbox 336 2213 414 2264; x_wconf 74' lang='lat' dir='ltr'>de,</span> <span class='ocrx_word' id='word_1_169' title='bbox 445 2210 656 2266; x_wconf 84' lang='lat' dir='ltr'>ch&#39;eglino</span> <span class='ocrx_word' id='word_1_170' title='bbox 689 2211 841 2254; x_wconf 84' lang='lat' dir='ltr'>fossero</span> <span class='ocrx_word' id='word_1_171' title='bbox 873 2212 976 2253; x_wconf 81' lang='lat' dir='ltr'>tanti</span> <span class='ocrx_word' id='word_1_172' title='bbox 1011 2210 1167 2254; x_wconf 89' lang='lat' dir='ltr'>oracoli</span> <span class='ocrx_word' id='word_1_173' title='bbox 1186 2242 1198 2264; x_wconf 86' lang='lat'>‚</span> <span class='ocrx_word' id='word_1_174' title='bbox 1231 2229 1254 2254; x_wconf 90' lang='lat' dir='ltr'>e</span> <span class='ocrx_word' id='word_1_175' title='bbox 1285 2211 1363 2253; x_wconf 85' lang='lat' dir='ltr'>che</span> <span class='ocrx_word' id='word_1_176' title='bbox 1395 2226 1470 2268; x_wconf 88' lang='lat' dir='ltr'>per</span> <span class='ocrx_word' id='word_1_177' title='bbox 1513 2223 1801 2264; x_wconf 86' lang='lat' dir='ltr'>conseguenza</span> 
     </span>
     <span class='ocr_line' id='line_1_23' title="bbox 337 2268 1802 2326; baseline -0.003 -13"><span class='ocrx_word' id='word_1_178' title='bbox 337 2287 476 2314; x_wconf 84' lang='lat' dir='ltr'>scevra</span> <span class='ocrx_word' id='word_1_179' title='bbox 495 2303 507 2323; x_wconf 84' lang='lat'>‚</span> <span class='ocrx_word' id='word_1_180' title='bbox 530 2288 553 2313; x_wconf 88' lang='lat' dir='ltr'>e</span> <span class='ocrx_word' id='word_1_181' title='bbox 577 2282 691 2313; x_wconf 88' lang='lat' dir='ltr'>netta</span> <span class='ocrx_word' id='word_1_182' title='bbox 722 2273 774 2314; x_wconf 89' lang='lat' dir='ltr'>da</span> <span class='ocrx_word' id='word_1_183' title='bbox 806 2273 909 2326; x_wconf 79' lang='lat' dir='ltr'>ogni</span> <span class='ocrx_word' id='word_1_184' title='bbox 938 2275 1073 2314; x_wconf 70' lang='lat' dir='ltr'>errore</span> <span class='ocrx_word' id='word_1_185' title='bbox 1096 2270 1201 2314; x_wconf 86' lang='lat' dir='ltr'>sosse</span> <span class='ocrx_word' id='word_1_186' title='bbox 1221 2287 1303 2312; x_wconf 90' lang='lat' dir='ltr'>essa</span> <span class='ocrx_word' id='word_1_187' title='bbox 1329 2269 1485 2319; x_wconf 86' lang='lat' dir='ltr'>Storia,</span> <span class='ocrx_word' id='word_1_188' title='bbox 1503 2268 1802 2326; x_wconf 77' lang='lat' dir='ltr'>specialmente</span> 
     </span>
     <span class='ocr_line' id='line_1_24' title="bbox 338 2327 1803 2389; baseline -0.003 -17"><span class='ocrx_word' id='word_1_189' title='bbox 338 2332 381 2372; x_wconf 89' lang='lat' dir='ltr'>iu</span> <span class='ocrx_word' id='word_1_190' title='bbox 414 2345 507 2373; x_wconf 89' lang='lat' dir='ltr'>cose</span> <span class='ocrx_word' id='word_1_191' title='bbox 539 2331 582 2373; x_wconf 92' lang='lat' dir='ltr'>di</span> <span class='ocrx_word' id='word_1_192' title='bbox 615 2331 743 2385; x_wconf 81' lang='lat' dir='ltr'>fatto,</span> <span class='ocrx_word' id='word_1_193' title='bbox 775 2331 984 2389; x_wconf 84' lang='lat' dir='ltr'>produca,</span> <span class='ocrx_word' id='word_1_194' title='bbox 1015 2348 1057 2375; x_wconf 89' lang='lat' dir='ltr'>se</span> <span class='ocrx_word' id='word_1_195' title='bbox 1089 2330 1145 2387; x_wconf 86' lang='lat' dir='ltr'>gli</span> <span class='ocrx_word' id='word_1_196' title='bbox 1179 2336 1266 2373; x_wconf 63' lang='lat' dir='ltr'>sara</span> <span class='ocrx_word' id='word_1_197' title='bbox 1298 2332 1383 2372; x_wconf 86' lang='lat' dir='ltr'>mai</span> <span class='ocrx_word' id='word_1_198' title='bbox 1418 2327 1637 2386; x_wconf 83' lang='lat' dir='ltr'>possibile,</span> <span class='ocrx_word' id='word_1_199' title='bbox 1668 2327 1700 2370; x_wconf 86' lang='lat' dir='ltr'>il</span> <span class='ocrx_word' id='word_1_200' title='bbox 1730 2328 1803 2369; x_wconf 84' lang='lat' dir='ltr'>do-</span> 
     </span>
     <span class='ocr_line' id='line_1_25' title="bbox 338 2388 1803 2448; baseline -0.003 -16"><span class='ocrx_word' id='word_1_201' title='bbox 338 2402 566 2443; x_wconf 77' lang='lat' dir='ltr'>cumeum,</span> <span class='ocrx_word' id='word_1_202' title='bbox 598 2390 642 2433; x_wconf 85' lang='lat' dir='ltr'>in</span> <span class='ocrx_word' id='word_1_203' title='bbox 672 2392 742 2433; x_wconf 89' lang='lat' dir='ltr'>cui</span> <span class='ocrx_word' id='word_1_204' title='bbox 775 2392 809 2433; x_wconf 91' lang='lat' dir='ltr'>si</span> <span class='ocrx_word' id='word_1_205' title='bbox 841 2392 960 2444; x_wconf 82' lang='lat' dir='ltr'>dice,</span> <span class='ocrx_word' id='word_1_206' title='bbox 982 2394 1089 2434; x_wconf 83' lang='lat' dir='ltr'>com’</span> <span class='ocrx_word' id='word_1_207' title='bbox 1108 2390 1188 2448; x_wconf 83' lang='lat' dir='ltr'>egli</span> <span class='ocrx_word' id='word_1_208' title='bbox 1213 2400 1613 2434; x_wconf 84' lang='lat' dir='ltr'>asseverantemente</span> <span class='ocrx_word' id='word_1_209' title='bbox 1634 2388 1803 2431; x_wconf 82' lang='lat' dir='ltr'>afferma</span> 
     </span>
     <span class='ocr_line' id='line_1_26' title="bbox 339 2449 1802 2507; baseline -0.001 -16"><span class='ocrx_word' id='word_1_210' title='bbox 339 2466 416 2492; x_wconf 87' lang='lat' dir='ltr'>con</span> <span class='ocrx_word' id='word_1_211' title='bbox 435 2449 576 2507; x_wconf 83' lang='lat' dir='ltr'>quella</span> <span class='ocrx_word' id='word_1_212' title='bbox 592 2451 814 2494; x_wconf 83' lang='lat' dir='ltr'>benedetta</span> <span class='ocrx_word' id='word_1_213' title='bbox 833 2467 906 2493; x_wconf 89' lang='lat' dir='ltr'>sua</span> <span class='ocrx_word' id='word_1_214' title='bbox 926 2450 1047 2493; x_wconf 84' lang='lat' dir='ltr'>solita</span> <span class='ocrx_word' id='word_1_215' title='bbox 1066 2450 1314 2494; x_wconf 81' lang='lat' dir='ltr'>franchezza</span> <span class='ocrx_word' id='word_1_216' title='bbox 1338 2449 1406 2493; x_wconf 92' lang='lat' dir='ltr'>nel</span> <span class='ocrx_word' id='word_1_217' title='bbox 1424 2451 1475 2494; x_wconf 91' lang='lat' dir='ltr'>T.</span> <span class='ocrx_word' id='word_1_218' title='bbox 1502 2451 1557 2492; x_wconf 94' lang='lat' dir='ltr'>II.</span> <span class='ocrx_word' id='word_1_219' title='bbox 1573 2462 1678 2505; x_wconf 79' lang='lat' dir='ltr'>pag.</span> <span class='ocrx_word' id='word_1_220' title='bbox 1706 2468 1721 2492; x_wconf 92' lang='lat'>1</span> <span class='ocrx_word' id='word_1_221' title='bbox 1735 2455 1750 2492; x_wconf 71' lang='grc' dir='ltr'>ἰ</span> <span class='ocrx_word' id='word_1_222' title='bbox 1764 2465 1802 2502; x_wconf 86' lang='lat'>2,</span> 
     </span>
     <span class='ocr_line' id='line_1_27' title="bbox 339 2509 1804 2568; baseline -0.001 -18"><span class='ocrx_word' id='word_1_223' title='bbox 339 2510 417 2552; x_wconf 90' lang='lat' dir='ltr'>che</span> <span class='ocrx_word' id='word_1_224' title='bbox 450 2509 480 2550; x_wconf 90' lang='lat' dir='ltr'>il</span> <span class='ocrx_word' id='word_1_225' title='bbox 513 2510 709 2553; x_wconf 82' lang='lat' dir='ltr'>Ministro</span> <span class='ocrx_word' id='word_1_226' title='bbox 744 2510 966 2568; x_wconf 87' lang='lat' dir='ltr'>Imperiale</span> <span class='ocrx_word' id='word_1_227' title='bbox 997 2527 1138 2554; x_wconf 87' lang='lat' dir='ltr'>avesse</span> <span class='ocrx_word' id='word_1_228' title='bbox 1168 2510 1344 2554; x_wconf 86' lang='lat' dir='ltr'>l&#39;ordine</span> <span class='ocrx_word' id='word_1_229' title='bbox 1377 2522 1508 2553; x_wconf 82' lang='lat' dir='ltr'>avuto</span> <span class='ocrx_word' id='word_1_230' title='bbox 1530 2509 1575 2551; x_wconf 80' lang='lat' dir='ltr'>di</span> <span class='ocrx_word' id='word_1_231' title='bbox 1600 2518 1804 2565; x_wconf 85' lang='lat' dir='ltr'>protesta-</span> 
     </span>
     <span class='ocr_line' id='line_1_28' title="bbox 339 2567 1804 2628; baseline -0.001 -18"><span class='ocrx_word' id='word_1_232' title='bbox 339 2586 403 2622; x_wconf 85' lang='lat' dir='ltr'>re,</span> <span class='ocrx_word' id='word_1_233' title='bbox 437 2586 459 2612; x_wconf 91' lang='lat' dir='ltr'>e</span> <span class='ocrx_word' id='word_1_234' title='bbox 492 2570 532 2611; x_wconf 89' lang='lat' dir='ltr'>di</span> <span class='ocrx_word' id='word_1_235' title='bbox 568 2572 735 2627; x_wconf 87' lang='lat' dir='ltr'>opporsi</span> <span class='ocrx_word' id='word_1_236' title='bbox 770 2588 792 2613; x_wconf 86' lang='lat' dir='ltr'>a</span> <span class='ocrx_word' id='word_1_237' title='bbox 824 2587 895 2613; x_wconf 87' lang='lat' dir='ltr'>sua</span> <span class='ocrx_word' id='word_1_238' title='bbox 930 2586 1046 2627; x_wconf 89' lang='lat' dir='ltr'>possa</span> <span class='ocrx_word' id='word_1_239' title='bbox 1066 2603 1074 2619; x_wconf 91' lang='lat'><em>‚</em></span> <span class='ocrx_word' id='word_1_240' title='bbox 1109 2588 1132 2614; x_wconf 90' lang='lat' dir='ltr'>e</span> <span class='ocrx_word' id='word_1_241' title='bbox 1156 2571 1403 2628; x_wconf 87' lang='lat' dir='ltr'>d&#39;impedire</span> <span class='ocrx_word' id='word_1_242' title='bbox 1427 2569 1467 2612; x_wconf 86' lang='lat' dir='ltr'>la</span> <span class='ocrx_word' id='word_1_243' title='bbox 1489 2567 1658 2612; x_wconf 87' lang='lat' dir='ltr'>solenne</span> <span class='ocrx_word' id='word_1_244' title='bbox 1682 2569 1804 2609; x_wconf 88' lang='lat' dir='ltr'>Inco-</span> 
     </span>
     <span class='ocr_line' id='line_1_29' title="bbox 339 2627 1804 2674; baseline -0.001 -4"><span class='ocrx_word' id='word_1_245' title='bbox 339 2631 562 2673; x_wconf 84' lang='lat' dir='ltr'>ronazione</span> <span class='ocrx_word' id='word_1_246' title='bbox 593 2632 635 2673; x_wconf 89' lang='lat' dir='ltr'>di</span> <span class='ocrx_word' id='word_1_247' title='bbox 669 2631 853 2674; x_wconf 89' lang='lat' dir='ltr'>Cosimo.</span> <span class='ocrx_word' id='word_1_248' title='bbox 886 2630 1079 2673; x_wconf 79' lang='lat' dir='ltr'>siccome</span> <span class='ocrx_word' id='word_1_249' title='bbox 1112 2646 1196 2673; x_wconf 86' lang='lat' dir='ltr'>non</span> <span class='ocrx_word' id='word_1_250' title='bbox 1228 2629 1277 2672; x_wconf 80' lang='lat' dir='ltr'>fu</span> <span class='ocrx_word' id='word_1_251' title='bbox 1309 2631 1393 2672; x_wconf 87' lang='lat' dir='ltr'>mai</span> <span class='ocrx_word' id='word_1_252' title='bbox 1418 2631 1461 2672; x_wconf 90' lang='lat' dir='ltr'>in</span> <span class='ocrx_word' id='word_1_253' title='bbox 1485 2629 1625 2672; x_wconf 76' lang='lat' dir='ltr'>avanti</span> <span class='ocrx_word' id='word_1_254' title='bbox 1647 2644 1668 2669; x_wconf 88' lang='lat' dir='ltr'>a</span> <span class='ocrx_word' id='word_1_255' title='bbox 1688 2627 1804 2668; x_wconf 85' lang='lat' dir='ltr'>chic-</span> 
     </span>
     <span class='ocr_line' id='line_1_30' title="bbox 340 2687 1803 2736; baseline 0.001 -7"><span class='ocrx_word' id='word_1_256' title='bbox 340 2687 492 2731; x_wconf 77' lang='lat' dir='ltr'>chessia</span> <span class='ocrx_word' id='word_1_257' title='bbox 526 2703 628 2732; x_wconf 85' lang='lat' dir='ltr'>noto</span> <span class='ocrx_word' id='word_1_258' title='bbox 660 2689 1001 2733; x_wconf 83' lang='lat' dir='ltr'>l·innalzament0</span> <span class='ocrx_word' id='word_1_259' title='bbox 1033 2691 1076 2731; x_wconf 88' lang='lat' dir='ltr'>di</span> <span class='ocrx_word' id='word_1_260' title='bbox 1110 2691 1282 2733; x_wconf 90' lang='lat' dir='ltr'>Cosimo</span> <span class='ocrx_word' id='word_1_261' title='bbox 1313 2691 1357 2732; x_wconf 91' lang='lat' dir='ltr'>in</span> <span class='ocrx_word' id='word_1_262' title='bbox 1389 2688 1674 2736; x_wconf 75' lang='lat' dir='ltr'>Gran-Daca,</span> <span class='ocrx_word' id='word_1_263' title='bbox 1719 2691 1803 2728; x_wconf 78' lang='lat' dir='ltr'>cosi</span> 
     </span>
     <span class='ocr_line' id='line_1_31' title="bbox 340 2747 1802 2808; baseline -0.002 -20"><span class='ocrx_word' id='word_1_264' title='bbox 340 2763 448 2803; x_wconf 86' lang='lat' dir='ltr'>pure</span> <span class='ocrx_word' id='word_1_265' title='bbox 479 2748 620 2804; x_wconf 81' lang='lat' dir='ltr'>ignota</span> <span class='ocrx_word' id='word_1_266' title='bbox 654 2753 701 2792; x_wconf 86' lang='lat' dir='ltr'>fu</span> <span class='ocrx_word' id='word_1_267' title='bbox 731 2749 770 2792; x_wconf 86' lang='lat' dir='ltr'>la</span> <span class='ocrx_word' id='word_1_268' title='bbox 803 2750 1161 2794; x_wconf 87' lang='lat' dir='ltr'>determinazione</span> <span class='ocrx_word' id='word_1_269' title='bbox 1181 2749 1248 2794; x_wconf 84' lang='lat' dir='ltr'>del</span> <span class='ocrx_word' id='word_1_270' title='bbox 1268 2751 1379 2808; x_wconf 86' lang='lat' dir='ltr'>Papa</span> <span class='ocrx_word' id='word_1_271' title='bbox 1408 2752 1450 2793; x_wconf 91' lang='lat' dir='ltr'>di</span> <span class='ocrx_word' id='word_1_272' title='bbox 1471 2747 1631 2792; x_wconf 82' lang='lat' dir='ltr'>volerlo</span> <span class='ocrx_word' id='word_1_273' title='bbox 1654 2747 1723 2804; x_wconf 92' lang='lat' dir='ltr'>poi</span> <span class='ocrx_word' id='word_1_274' title='bbox 1738 2761 1802 2787; x_wconf 88' lang='lat' dir='ltr'>so·</span> 
     </span>
     <span class='ocr_line' id='line_1_32' title="bbox 343 2805 1800 2866; baseline 0 -21"><span class='ocrx_word' id='word_1_275' title='bbox 343 2805 610 2851; x_wconf 82' lang='lat' dir='ltr'>lennemente</span> <span class='ocrx_word' id='word_1_276' title='bbox 642 2811 885 2853; x_wconf 87' lang='lat' dir='ltr'>incoronare</span> <span class='ocrx_word' id='word_1_277' title='bbox 906 2844 914 2859; x_wconf 94' lang='lat'>‚</span> <span class='ocrx_word' id='word_1_278' title='bbox 933 2827 956 2852; x_wconf 88' lang='lat' dir='ltr'>e</span> <span class='ocrx_word' id='word_1_279' title='bbox 973 2810 1039 2853; x_wconf 81' lang='lat' dir='ltr'>cio</span> <span class='ocrx_word' id='word_1_280' title='bbox 1062 2826 1136 2866; x_wconf 85' lang='lat' dir='ltr'>per</span> <span class='ocrx_word' id='word_1_281' title='bbox 1159 2810 1199 2854; x_wconf 90' lang='lat' dir='ltr'>le</span> <span class='ocrx_word' id='word_1_282' title='bbox 1223 2811 1382 2866; x_wconf 83' lang='lat' dir='ltr'>ragioni</span> <span class='ocrx_word' id='word_1_283' title='bbox 1404 2811 1446 2852; x_wconf 93' lang='lat' dir='ltr'>di</span> <span class='ocrx_word' id='word_1_284' title='bbox 1466 2823 1587 2864; x_wconf 86' lang='lat' dir='ltr'>sopra</span> <span class='ocrx_word' id='word_1_285' title='bbox 1610 2807 1800 2848; x_wconf 83' lang='lat' dir='ltr'>addotte.</span> 
     </span>
     <span class='ocr_line' id='line_1_33' title="bbox 343 2863 1801 2926; baseline -0.001 -18"><span class='ocrx_word' id='word_1_286' title='bbox 343 2864 394 2905; x_wconf 86' lang='lat' dir='ltr'>Al</span> <span class='ocrx_word' id='word_1_287' title='bbox 430 2866 501 2921; x_wconf 70' lang='lat' dir='ltr'>piu</span> <span class='ocrx_word' id='word_1_288' title='bbox 533 2868 571 2909; x_wconf 85' lang='lat' dir='ltr'>al</span> <span class='ocrx_word' id='word_1_289' title='bbox 606 2870 679 2925; x_wconf 73' lang='lat' dir='ltr'>piu</span> <span class='ocrx_word' id='word_1_290' title='bbox 713 2871 870 2925; x_wconf 89' lang='lat' dir='ltr'>poteasi</span> <span class='ocrx_word' id='word_1_291' title='bbox 904 2869 1009 2912; x_wconf 85' lang='lat' dir='ltr'>forse</span> <span class='ocrx_word' id='word_1_292' title='bbox 1040 2883 1266 2926; x_wconf 86' lang='lat' dir='ltr'>sospettare</span> <span class='ocrx_word' id='word_1_293' title='bbox 1286 2902 1298 2922; x_wconf 88' lang='lat'>,</span> <span class='ocrx_word' id='word_1_294' title='bbox 1328 2870 1407 2913; x_wconf 85' lang='lat' dir='ltr'>che</span> <span class='ocrx_word' id='word_1_295' title='bbox 1440 2869 1611 2912; x_wconf 87' lang='lat' dir='ltr'>Cosimo</span> <span class='ocrx_word' id='word_1_296' title='bbox 1642 2863 1801 2907; x_wconf 79' lang='lat' dir='ltr'>volesse</span> 
     </span>
     <span class='ocr_line' id='line_1_34' title="bbox 344 2925 1815 2986; baseline 0 -18"><span class='ocrx_word' id='word_1_297' title='bbox 344 2926 490 2968; x_wconf 73' lang='lat' dir='ltr'>necarsi</span> <span class='ocrx_word' id='word_1_298' title='bbox 538 2944 560 2970; x_wconf 84' lang='lat' dir='ltr'>a</span> <span class='ocrx_word' id='word_1_299' title='bbox 605 2931 744 2972; x_wconf 82' lang='lat' dir='ltr'>Roma</span> <span class='ocrx_word' id='word_1_300' title='bbox 777 2945 850 2986; x_wconf 87' lang='lat' dir='ltr'>per</span> <span class='ocrx_word' id='word_1_301' title='bbox 887 2939 987 2971; x_wconf 83' lang='lat' dir='ltr'>atto·</span> <span class='ocrx_word' id='word_1_302' title='bbox 1007 2928 1050 2971; x_wconf 92' lang='lat' dir='ltr'>di</span> <span class='ocrx_word' id='word_1_303' title='bbox 1082 2930 1338 2984; x_wconf 81' lang='lat' dir='ltr'>gratitudine</span> <span class='ocrx_word' id='word_1_304' title='bbox 1358 2962 1367 2980; x_wconf 91' lang='lat'><em>‚</em></span> <span class='ocrx_word' id='word_1_305' title='bbox 1398 2946 1420 2972; x_wconf 87' lang='lat' dir='ltr'>e</span> <span class='ocrx_word' id='word_1_306' title='bbox 1453 2943 1527 2983; x_wconf 82' lang='lat' dir='ltr'>per</span> <span class='ocrx_word' id='word_1_307' title='bbox 1558 2925 1815 2982; x_wconf 71' lang='lat' dir='ltr'>ringraziam-</span> 
     </span>
    </p>
   </div>
   <div class='ocr_carea' id='block_1_3' title="bbox 1468 2989 1500 3041">
    <p class='ocr_par' dir='ltr' id='par_1_4' title="bbox 1468 2989 1500 3041">
     <span class='ocr_line' id='line_1_35' title="bbox 1468 2989 1500 3041; baseline 0 0"><span class='ocrx_word' id='word_1_308' title='bbox 1468 2989 1500 3041; x_wconf 83' lang='lat'><em>5</em></span> 
     </span>
    </p>
   </div>
  </div>
 </body>
</html>
