2441 3841
678 547 746 598 50

603 653 697 680 rum
723 668 732 684 ‚
765 649 811 675 ac
846 631 998 674 Mundi
1051 628 1206 687 Opisex
1228 661 1240 683 ‚
1287 644 1388 671 cum
1442 628 1620 730 moyle
1665 629 1891 672 hominnm
1941 647 2071 687 genus

605 696 745 740 celesti
796 694 967 736 civitate
1001 693 1127 732 cinnat
1149 723 1160 743 9
1190 690 1234 731 id
1267 691 1407 747 ipsum
1458 705 1512 731 no
1552 690 1815 747 ‘promiscue
1863 692 2036 746 quidem
2058 726 2069 743 ,

601 772 741 813 neque
760 754 860 796 citra
883 750 1096 794 delectum
1120 750 1235 804 facit,
1254 751 1324 793 sed
1345 762 1392 793 ut
1412 748 1478 792 vel
1503 751 1654 803 virtus,
1674 749 1739 792 vel
1765 751 1898 792 officia
1925 744 2070 794 unius—

599 820 813 872 cujusque
846 823 1111 869 exposcunt,
1148 823 1189 853 et
1223 823 1466 862 merentur,
1488 812 1532 853 in
1564 809 1820 852 felicissimas
1850 825 2068 868 quemque

592 878 803 922 Divorum
852 872 1019 926 classes,
1052 884 1093 914 et
1126 873 1291 914 ordines
1339 872 1520 927 digerit,
1552 881 1680 927 atque
1727 869 1933 924 collocat,
1965 871 2067 916 alte—

593 951 778 993 rumque
812 931 930 976 alteri
965 932 1250 989 praefert35ic
1283 943 1518 973 nostrarum
1557 947 1731 989 quoque
1762 932 1947 988 partium
1984 949 2068 975 esse

577 997 717 1054 -plane
750 995 1041 1050 cognoscimus
1062 1003 1251 1034 terrestre
1271 992 1353 1034 hoc
1378 991 1497 1033 nobis
1515 992 1807 1034 concreditum
1832 993 2066 1049 Imperium

592 1058 644 1100 ad
676 1054 851 1099 caeleste
883 1052 991 1095 illud
1015 1068 1144 1109 quam
1166 1051 1384 1094 simillime
1416 1051 1568 1095 referre
1586 1085 1594 1099 ‚
1617 1063 1840 1107 nostraque
1858 1063 1922 1100 ‚et
1956 1053 2065 1096 Sacri

591 1117 774 1160 Romani
812 1114 982 1170 imperii
1018 1113 1217 1155 beneficia
1240 1144 1251 1165 ‚
1283 1111 1458 1167 insignia
1477 1146 1485 1161 ‚
1515 1123 1557 1154 et
1590 1111 1796 1164 honores,
1823 1127 1898 1167 pro
1920 1114 2064 1156 unius-

592 1180 802 1234 cujusque
852 1174 1056 1228 dignitate
1079 1204 1091 1226 9
1124 1184 1166 1215 et
1214 1173 1375 1214 meritis
1414 1171 1694 1223 distribuere,
1732 1187 1779 1212 ac
1822 1173 2031 1228 impertiri
2055 1209 2063 1218 .

592 1238 698 1295 Quo
745 1251 842 1278 sane
893 1232 1119 1287 diligenter
1165 1243 1441 1288 respexerunt
1473 1230 1577 1273 olim
1611 1232 1699 1274 divi
1733 1233 2064 1287 praedecessores

588 1298 750 1348 nostri,
769 1295 1061 1336 Romanorum
1088 1293 1363 1348 Imperatores
1383 1323 1396 1343 ‚
1417 1302 1460 1333 et
1480 1290 1612 1344 Reges
1639 1323 1647 1338 ‚
1671 1291 1788 1331 omni
1820 1306 1918 1333 cura
1947 1294 2066 1334 adhi-

589 1357 674 1398 blta
698 1390 705 1404 ,
733 1371 785 1398 ne
804 1369 933 1395 suum
967 1368 987 1392 a
1021 1351 1290 1393 benemeritis
1309 1351 1499 1393 officium
1532 1351 1755 1391 desiderari
1791 1362 2063 1405 paterentur,

589 1416 706 1472 quod
727 1412 1011 1468 intelligerent
1030 1409 1138 1452 illud
1161 1411 1214 1452 ad
1234 1411 1549 1452 substinentiam
1567 1441 1578 1462 ,
1602 1408 1941 1465 amplificandam
1978 1410 2067 1466 glo·

587 1477 690 1517 riam
717 1509 726 1524 ‚
759 1487 801 1518 et
835 1471 1194 1516 existimationem
1227 1486 1346 1512 suam
1383 1470 1569 1512 maxime
1602 1470 1841 1525 pertinere.
1864 1470 1973 1512 Hinc
2006 1482 2066 1514 est

585 1537 701 1592 quod
736 1532 1063 1592 praeclarissimo
1103 1546 1220 1573 more
1261 1531 1311 1572 ab
1342 1531 1493 1572 iisdem
1543 1530 1651 1572 divis
1701 1531 2062 1586 Imperatoribus‚

587 1596 816 1649 majoribus
848 1593 996 1636 nostris
1028 1604 1200 1648 accepto
1218 1623 1230 1645 9
1263 1590 1369 1633 nihil
1403 1591 1620 1647 antiquius
1637 1621 1649 1644 7
1671 1589 1777 1632 nihil
1802 1590 1967 1634 charius
1986 1606 2064 1633 un·

587 1671 716 1713 qnam
735 1655 1024 1706 habuerimus,
1044 1667 1174 1710 quam
1201 1652 1428 1708 Principes,
1452 1651 1503 1692 de
1527 1653 1721 1693 Caesarea
1747 1652 1965 1706 Maiestate
1989 1668 2063 1693 no·

587 1729 666 1758 stra
690 1750 701 1768 a
738 1717 863 1759 Sacro
896 1714 1081 1771 Imperio
1103 1747 1112 1762 ‚
1142 1711 1386 1769 inclytaque
1421 1710 1562 1753 Domo
1596 1723 1731 1753 nostra
1765 1711 1979 1763 metrica,
2014 1728 2062 1754 ae

586 1789 673 1820 tota
708 1777 892 1833 denique
925 1771 1162 1831 Republica
1203 1773 1438 1814 Christiana
1483 1772 1648 1827 optime
1693 1773 1893 1823 meritos,
1930 1772 2062 1814 maxi-

585 1853 755 1880 morum
790 1837 1005 1878 honorum
1039 1833 1240 1890 praemiis
1272 1831 1494 1888 prosequi,
1540 1842 1581 1873 et
1615 1846 1790 1883 ornare,
1823 1842 1871 1873 ut
1906 1830 2062 1873 intelli-

584 1909 678 1952 gant
716 1898 922 1946 virtutes,
942 1894 1105 1947 egregia
1138 1891 1243 1934 facta
1259 1923 1271 1946 9
1305 1890 1642 1947 excellentiaque
1663 1890 1809 1932 merita
1835 1891 1954 1932 nobis
1978 1908 2062 1934 esse

585 1958 826 2000 charissima
845 1986 861 2008 ,
896 1968 941 1995 ae
974 1964 1069 1995 tum
1093 1953 1170 2008 ipsi
1193 1984 1204 2005 ,
1223 1967 1461 2007 eorumque
1494 1950 1792 1994 descendentes
1813 1981 1825 2002 ‚
1844 1964 1884 1993 et
1906 1953 2062 2006 posteri

583 2019 634 2061 ad
666 2018 868 2060 virtutem
887 2046 900 2065 ,
924 2027 970 2054 ac
1001 2014 1054 2054 de
1087 2013 1205 2054 nobis
1222 2043 1234 2065 ,
1257 2011 1381 2053 Sacro
1403 2011 1614 2067 Imperio,
1640 2008 1888 2068 inclytaque
1912 2010 2058 2053 Domo

581 2089 718 2120 nostra
750 2076 965 2117 Austriaca
988 2105 1002 2124 ,
1034 2074 1142 2115 bene
1174 2071 1427 2114 merendum
1463 2071 1596 2124 magis
1630 2071 1756 2112 etiam
1791 2072 2058 2125 excitentur,

581 2150 677 2181 tum
710 2135 778 2177 alii
814 2136 941 2178 etiam
976 2132 1027 2174 ad
1059 2132 1203 2175 eadem
1236 2131 1376 2173 studia
1408 2130 1599 2172 sectanda
1633 2127 1901 2182 alliciantur,
1935 2142 1975 2172 et
1997 2133 2060 2172 in·

580 2200 880 2241 flammentur.
913 2195 1016 2248 Ejus
1038 2209 1136 2234 vero
1169 2193 1372 2246 benignae
1396 2224 1406 2241 ,
1425 2205 1470 2231 ac
1495 2190 1588 2246 piae
1623 2191 1776 2232 mentis
1808 2202 1970 2232 nostrae
1993 2191 2060 2234 de·-

579 2256 807 2308 clarandae,
822 2267 863 2299 et
878 2252 1284 2312 amplam‚idoneam
1305 2251 1414 2293 nacti
1437 2264 1585 2292 sumus
1603 2250 1862 2292 occasionem
1881 2251 1925 2292 in
1941 2266 2062 2293 exor-

580 2319 722 2361 nando
760 2316 946 2359 illustris.
981 2314 1201 2356 Francisco
1225 2311 1410 2355 Medices
1431 2308 1708 2367 Reipublicae
1730 2309 1991 2359 Florentiae,
2017 2323 2059 2353 et

580 2378 784 2421 Senatum
818 2376 939 2419 Duce
974 2375 1121 2417 tertio.
1157 2371 1312 2429 Quum
1352 2370 1528 2429 quidem
1569 2381 1665 2412 turn
1707 2382 1880 2427 propter
1925 2371 2061 2412 animi

579 2439 643 2480 sui
679 2437 860 2492 egregias
880 2468 891 2488 ‚
915 2433 1366 2489 excellentissimasque
1385 2433 1588 2482 virtutes,
1609 2431 1854 2487 generisque
1869 2462 1883 2481 ,
1907 2444 1953 2470 ac
1976 2430 2056 2472 Fa-

579 2496 724 2541 miliae
756 2497 971 2538 Mediceae
993 2529 1002 2544 ‚
1022 2511 1074 2536 ex
1107 2509 1189 2551 qua
1212 2493 1252 2535 in
1276 2504 1457 2549 utraque
1487 2488 1722 2546 Republica
1741 2501 1826 2531 tam
1853 2488 2056 2532 Ecclesia·

576 2559 677 2600 stica
698 2589 710 2610 ‚
755 2572 883 2613 quam
934 2554 1110 2597 Politica
1132 2587 1147 2606 ,
1191 2552 1318 2596 multi
1367 2553 1546 2608 insignes
1565 2581 1577 2601 ‚
1628 2550 2056 2606 praestantissimique

577 2618 760 2661 Haeroes
791 2616 996 2672 prodiere,
1012 2613 1276 2656 nobilitatam
1296 2646 1311 2665 ‚
1333 2625 1427 2655 tum
1449 2608 1663 2652 luculenta
1686 2642 1699 2661 ,
1725 2621 1767 2652 et
1792 2608 1912 2650 utilia
1938 2611 2055 2652 obse·

576 2679 677 2733 quia
701 2710 713 2731 ‚
745 2688 831 2718 tam
866 2676 1010 2723 nobis,
1044 2691 1175 2731 quam
1208 2672 1534 2715 antecessoribus
1566 2670 1713 2711 nostris
1758 2671 2055 2713 Romanorum

576 2736 905 2795 Imperatoribus
925 2767 937 2787 s
960 2746 1001 2777 et
1033 2735 1217 2789 Regibus
1238 2765 1252 2785 ,
1288 2748 1334 2773 ac
1367 2741 1723 2789 praememoratae
1755 2729 1935 2788 inclytae
1967 2730 2056 2772 Do·

576 2800 671 2840 mui
704 2808 865 2839 nostrae
898 2795 1139 2836 Austriacae
1171 2793 1376 2835 hactenus
1406 2791 1599 2848 praestita
1619 2823 1628 2838 ,
1653 2804 1727 2831 nec
1751 2806 1833 2832 non
1866 2791 2052 2832 maxima

575 2859 621 2900 in
640 2861 879 2901 universam
898 2853 1224 2910 Rempnblicam
1248 2853 1499 2894 Christinam
1526 2848 1869 2906 merit39plurimi
1888 2866 2053 2907 semper

576 2918 770 2965 fecimus.
790 2927 831 2957 et
850 2913 1046 2970 singulari
1068 2912 1388 2957 benevolentiae
1407 2911 1628 2956 affectione
1649 2911 1858 2968 prosecuti
1882 2926 2050 2960 sumus,

575 2980 680 3020 adeo
714 2977 831 3035 quod
853 2977 896 3018 in
921 2971 1162 3030 singularis,
1191 2989 1236 3014 ac
1259 2989 1354 3016 vere
1384 2972 1531 3015 sinceri
1567 2971 1744 3024 amoris,
1768 2969 2017 3013 clementiae
2036 3002 2049 3023 ‚

573 3051 614 3082 et
644 3038 910 3095 benignitatis
941 3047 1103 3084 nostrae
1137 3034 1431 3078 testimonium
1465 3032 1714 3075 affinitatem
1745 3046 1890 3074 secum.
1922 3031 2048 3074 inivi-
