2441 3841
1670 463 1739 507 Ἃ)

356 538 721 601 eminentiae,
741 556 877 610 quae
902 556 1005 609 per
1031 556 1127 590 nos
1156 538 1328 605 capiti
1354 547 1448 588 tuo
1486 536 1817 606 imponimus

357 612 429 666 In
467 613 714 667 „Nomine
742 614 936 667 Patris
979 627 1022 669 »ἴς
1083 624 1135 664 et
1179 613 1322 666 Filii
1375 624 1421 670 ›1‹
1472 625 1524 665 et
1573 614 1816 683 &piritas

355 688 556 741 Sancti
589 703 632 745 ἠδ
676 689 849 742 Amen
872 712 896 754 ,·
925 702 976 742 et
1007 688 1293 761 intelligas
1321 701 1375 741 te
1401 686 1600 741 amodo
1628 685 1706 740 ad
1724 686 1816 739 de-

328 762 841 833 fensionemfidei,
871 766 1271 818 Sacrosanctae
1290 764 1600 829 Ecclesiae,
1631 762 1820 815 vidua-

348 858 477 890 rum
500 883 512 907 ,
547 840 922 913 pupillorum,
969 852 1022 891 et
1066 848 1539 910 qitaramcumque
1577 838 1818 890 aliarum

351 917 752 968 miserabilium
783 931 1146 984 personarum
1182 912 1312 977 fore
1351 912 1691 979 debitorem,
1737 934 1819 966 ve-

349 988 524 1062 lisque
558 991 814 1061 deinceps
851 990 1006 1042 utilis
1049 1008 1162 1041 esse
1199 999 1497 1056 executor,
1535 991 1818 1059 perspicu-

353 1085 518 1139 usque
544 1068 887 1120 Dominator
915 1084 1100 1118 coram
1129 1065 1379 1117 Domino
1401 1107 1415 1132 ,
1445 1076 1498 1116 et
1527 1067 1676 1116 inter
1703 1064 1820 1137 glo-

351 1146 518 1195 riosos
548 1142 804 1194 Athletas
833 1144 1101 1194 virtutum
1139 1144 1337 1194 merito
1383 1152 1611 1193 ornatus
1655 1155 1822 1212 appa-

352 1238 500 1286 reas,
528 1238 694 1293 qzictm
711 1221 957 1290 gratiam
977 1220 1081 1271 tibi
1098 1216 1395 1270 concedere
1417 1215 1681 1289 dignetur
1700 1218 1819 1270 Do-

357 1297 542 1346 minus
581 1306 766 1346 noster
809 1295 970 1348 Jesus
1013 1296 1265 1362 Cristus,
1311 1296 1407 1369 qui
1450 1312 1572 1345 cum
1610 1294 1820 1359 Patre,

357 1380 411 1421 et
440 1372 657 1441 Spiritu
688 1371 892 1423 Sancto
913 1412 926 1437 ,
958 1373 1086 1423 vivit
1106 1412 1119 1438 ,
1150 1383 1200 1423 ct
1232 1381 1435 1442 regnat
1455 1411 1469 1437 ,
1499 1387 1572 1420 cc.

431 1521 632 1592 Accipe
644 1523 885 1594 Virgam
909 1521 1256 1591 directionis,
1277 1534 1329 1576 et
1345 1523 1607 1595 justitiae
1627 1520 1686 1572 in·
1704 1518 1821 1573 No-

356 1600 504 1650 mine
532 1599 727 1651 Patris
778 1609 823 1653 ›1‹
882 1610 935 1650 et
963 1600 1101 1652 Filii
1151 1613 1196 1658 ἑὲ
1253 1611 1306 1652 et
1345 1601 1588 1669 Spiritus
1625 1598 1825 1651 Sancti

358 1684 403 1728 >55
439 1673 616 1725 Amen
630 1697 654 1738 ,·
688 1691 792 1744 per
811 1693 981 1745 quam
1003 1675 1184 1727 valeas
1204 1678 1498 1745 mzicuique
1519 1671 1821 1726 secundum

353 1751 551 1800 merita
580 1768 680 1810 sua
708 1750 979 1816 tribuere,
1007 1751 1116 1802 sive
1143 1752 1268 1802 boni
1275 1749 1536 1819 suerint,
1565 1750 1675 1799 sive
1704 1767 1819 1798 ma-

353 1823 429 1890 li,
457 1843 669 1897 semper
696 1825 886 1877 Deum
915 1836 1046 1877 ante
1074 1824 1296 1877 oculum
1324 1823 1525 1876 liabens
1544 1863 1558 1889 ,
1589 1842 1699 1874 non
1726 1819 1817 1875 de-

354 1901 570 1954 clinans
597 1921 631 1953 a
659 1899 910 1968 dextris,
939 1900 1025 1955 vel
1040 1921 1072 1953 a
1094 1902 1334 1954 sinistris
1355 1941 1369 1967 ,
1396 1897 1495 1952 sed
1521 1917 1645 1950 cum
1673 1902 1825 1950 omni

350 1980 589 2031 caritate
617 1979 767 2031 bonis
775 1977 1014 2048 faveas,
1044 1977 1219 2030 malos
1248 1994 1519 2038 coerceas,
1549 1985 1609 2026 ut
1637 1993 1823 2028 omnes

352 2053 679 2126 intelligant
699 2095 712 2119 ,
741 2065 793 2105 et
823 2055 999 2106 sciant
1027 2065 1081 2106 te
1110 2055 1381 2105 iustitiam
1424 2050 1689 2103 dilexisse
1710 2092 1724 2118 ,
1770 2061 1824 2103 et

352 2126 534 2180 odisse
562 2131 917 2201 iniquitatem
939 2171 952 2197 ,
982 2147 1150 2202 quam
1176 2130 1422 2200 gratiam
1444 2128 1546 2179 tibi
1564 2124 1824 2190 concede-

351 2223 413 2255 re
439 2201 708 2278 dignetur
726 2247 740 2272 ,
770 2208 864 2280 qui
892 2217 974 2271 est
1002 2203 1320 2259 benedictus
1333 2203 1393 2256 in
1407 2201 1622 2258 soecula
1644 2220 1824 2256 soecu-

350 2278 535 2332 lorum
562 2282 761 2335 Amen,

427 2433 588 2487 Deus
607 2435 786 2488 Pater
804 2447 1064 2488 aeternae
1082 2435 1297 2510 gloriae
1316 2436 1386 2487 sit
1413 2430 1642 2506 adjutor
1668 2442 1821 2499 tuus,

352 2518 412 2561 et‘
431 2521 711 2581 protector
737 2523 886 2579 tuus,
917 2524 970 2564 et
998 2513 1364 2585 Omnipotens
1392 2508 1679 2564 benedicat
1699 2509 1824 2574 tibi,

345 2604 537 2654 preces
565 2598 688 2641 tuas
717 2589 778 2640 in
805 2591 1019 2642 cunctis
1048 2586 1323 2641 exaudiat
1342 2628 1357 2657 ,
1386 2598 1438 2640 et
1468 2588 1641 2639 vitam
1670 2596 1825 2637 tuam

354 2660 706 2734 longitudine
734 2663 955 2718 dierum
993 2663 1337 2738 adimpleat,
1376 2675 1586 2717 statum
1626 2661 1824 2716 Domi-

355 2739 440 2788 nii
464 2741 551 2792 tui
562 2742 788 2814 jugiter
794 2742 1000 2815 firmet
1019 2783 1033 2809 ,
1063 2751 1119 2793 et
1156 2751 1380 2815 gentem
1403 2782 1416 2809 ,
1448 2738 1822 2812 populumque

353 2823 511 2865 tuum
541 2820 600 2869 in
626 2829 919 2870 aeternum
948 2829 1227 2871 conservet
1247 2859 1261 2885 ,
1309 2827 1361 2869 et
1406 2817 1669 2868 inimicos·
1702 2823 1823 2863 tuos

353 2889 677 2961 confusione
706 2891 936 2962 induat,
957 2905 1010 2965 et
1029 2913 1193 2964 super
1211 2905 1266 2947 te
1285 2891 1647 2964 sanctfficatio
1666 2886 1825 2943 Chri-
