2441 3841
639 451 709 515 453

559 553 642 581 tarn
662 536 878 581 dilectioni
902 548 999 580 tuae
1019 551 1172 580 novam
1195 536 1312 580 illam
1336 538 1588 598 dignitatem
1626 541 1691 596 (si
1712 553 1854 585 tamen
1881 544 2022 600 digni»

558 612 615 640 tas
635 600 714 641 dici
735 598 860 640 debet
874 630 886 650 ,
906 614 1014 655 quae
1033 597 1206 653 indigno
1232 600 1359 641 modo
1376 634 1384 648 ,
1405 615 1452 640 ac
1474 599 1646 642 nulliter
1664 601 1712 642 fit
1732 605 1752 654 )
1780 604 1916 646 insciis
1947 622 2020 648 no-

554 660 629 709 bis,
651 669 800 714 utpote
820 658 1111 700 Romanorum
1127 659 1397 715 Imperatore,
1417 662 1485 702 cui
1508 662 1550 701 in
1572 661 1809 703 Hetruriam
1829 666 2021 719 superio„

552 719 686 761 ritatis
708 722 773 773 ius
794 729 1058 774 competere,
1081 718 1373 761 efficacissimis
1396 721 1652 773 rationibus,
1674 731 1715 762 et
1736 722 1912 778 quidem
1933 739 2020 765 ma-

552 794 629 833 gna
650 795 702 820 ex
726 789 840 834 parte
860 778 1094 830 veteribus,
1114 789 1155 820 et
1179 779 1416 821 recentibus
1445 781 1707 823 Investituris
1742 782 1907 837 probari
1941 798 2019 839 pov

553 849 660 887 test,
685 848 917 891 acceptare,
941 839 1098 880 nedum
1120 840 1260 895 quoad
1282 838 1520 883 Florentiae
1542 839 1711 883 Statum
1726 872 1738 893 ,
1761 853 1943 884 nostram
1964 844 2020 900 i[-

550 895 661 948 ]am,
685 913 731 939 ae
766 896 877 938 Sacri
907 898 1077 954 imperii
1100 899 1463 955 superioritatem,
1485 901 1820 956 iurisdictionem
1842 935 1856 955 ,
1881 914 1922 946 et
1945 919 2020 946 au-

554 957 798 1000 thoritatem
818 989 830 1009 ‚
852 974 934 1000 non
955 957 1095 1001 solum
1113 959 1157 999 in
1178 959 1361 1001 dubium
1384 976 1533 1003 vocare
1548 993 1560 1014 ,
1580 977 1730 1004 verum
1754 962 1883 1005 etiam
1902 963 2017 1005 inani

551 1019 737 1073 quodam
763 1015 964 1059 libertatis
985 1029 1196 1074 praetestu
1218 1035 1382 1075 prorsus
1403 1036 1564 1075 negare.
1583 1019 1693 1062 Nam
1712 1037 1811 1062 cum
1835 1022 1922 1064 fieri
1943 1040 2015 1066 ne-

547 1090 697 1133 queat,
712 1077 818 1134 quin
836 1075 1008 1119 dilectio
1029 1091 1099 1121 tua
1122 1094 1287 1121 memor
1308 1082 1383 1132 sit,
1397 1095 1484 1136 quo
1509 1092 1653 1136 pacto,
1667 1093 1708 1123 et
1729 1097 1832 1140 quas
1850 1082 1903 1123 ob
1923 1098 2018 1125 cau·

549 1153 609 1178 sas
631 1139 770 1180 Divus
803 1139 1020 1193 quondam
1044 1140 1276 1195 Imperator
1299 1139 1471 1182 Carolus
1497 1139 1690 1196 Quintus
1714 1156 1771 1184 ee.
1802 1141 2017 1185 Dominus

546 1196 748 1248 Patruus,
773 1209 814 1238 et
836 1196 962 1238 Socer
980 1210 1119 1241 noster
1141 1200 1372 1242 carissimus
1403 1211 1607 1254 augustae
1640 1201 1869 1242 memoriae
1901 1215 2017 1256 post·

542 1271 673 1311 quam
702 1256 939 1298 Florentiae
958 1258 1195 1310 civitatem,
1217 1274 1326 1315 quae
1347 1276 1368 1300 a
1386 1260 1601 1312 Maiestate
1620 1258 1720 1311 Sua,
1739 1271 1781 1300 et
1798 1258 1908 1300 Sacri
1928 1263 2015 1304 Im-

545 1315 651 1370 perii
677 1316 904 1358 devotione
927 1317 1176 1369 desciverat,
1196 1315 1315 1371 longa
1339 1319 1555 1360 obsidione
1575 1319 1779 1366 cinctam,
1809 1318 1861 1359 ad
1892 1320 2014 1363 dedi-

547 1375 707 1416 tionem
734 1375 934 1428 adegisset
953 1408 961 1424 ,
983 1391 1028 1416 ac
1048 1375 1282 1431 Imperialis
1303 1375 1593 1431 plenitudine,
1614 1389 1654 1418 et
1675 1378 1783 1418 inter
1807 1376 1884 1418 alia
1920 1396 2015 1422 eam

541 1449 715 1491 quoque
736 1435 788 1475 ob
810 1435 1014 1476 rationem
1033 1435 1128 1491 *quo
1148 1436 1346 1491 deinceps
1369 1438 1411 1478 in
1434 1438 1663 1491 Maiestatis
1685 1435 1795 1479 Suae
1810 1469 1821 1489 ,
1840 1449 1881 1479 et
1898 1437 2012 1482 Sacri

543 1495 715 1552 Imperii
738 1495 822 1536 fide
837 1526 848 1545 ,
871 1506 911 1535 ct
931 1495 1387 1551 devotioneperpetuo
1410 1508 1575 1540 maneat
1597 1513 1657 1540 ec.
1677 1497 1894 1554 (piendam
1919 1499 2014 1541 Du-

538 1569 630 1596 cem
658 1554 943 1597 Alexandrum
966 1554 1240 1611 Reipublicae
1263 1553 1654 1600 illiusFlorentinae
1674 1558 1877 1612 gubernio
1900 1574 2012 1614 prae-

538 1613 704 1657 fecerit.
730 1614 892 1656 Eadem
916 1615 1090 1658 civitate
1121 1616 1162 1657 in
1197 1617 1372 1670 gratiam
1405 1629 1604 1674 recepta,
1632 1633 1679 1659 ac
1710 1618 1751 1659 in
1784 1618 2009 1672 specialem

536 1675 772 1728 Maiestatis
798 1673 930 1724 Suae,
952 1686 994 1716 et
1016 1673 1126 1716 Sacri
1152 1676 1324 1731 Imperii
1350 1679 1658 1732 protectionem
1675 1709 1686 1727 ,
1709 1689 1750 1718 et
1773 1676 2007 1734 salvaquar-

536 1734 651 1776 diam
679 1745 914 1790 assumpta,
940 1749 1015 1777 nec
1039 1751 1121 1776 nou
1141 1735 1398 1778 confirmatis
1422 1736 1536 1779 illius
1556 1734 1811 1793 privilegiis,
1833 1739 2008 1789 iuribus,

535 1806 580 1835 et
603 1793 977 1850 exemptionibus,
1006 1809 1115 1848 quae
1135 1811 1157 1835 a
1186 1796 1410 1849 Maiestatis
1436 1796 1546 1838 Suae
1573 1796 1900 1838 antecessoribus
1921 1798 2006 1839 Ro-

533 1869 760 1895 manorum
782 1853 1127 1908 Imperatoribus⁷
1149 1865 1188 1896 et
1208 1854 1408 1908 Regibus,
1432 1871 1478 1896 ac
1503 1856 1629 1898 Sacro
1650 1855 1844 1897 Romano
1870 1858 2005 1913 lmpe·

531 1914 618 1966 rio,
645 1924 868 1969 antequam
893 1928 912 1952 a
939 1913 1166 1955 devotione
1192 1914 1269 1955 ista
1288 1915 1518 1968 recederet,
1539 1917 1801 1966 obtinuerat3
1823 1930 1868 1955 ac
1888 1917 2006 1958 deni-

531 1990 616 2029 que
641 1973 786 2016 eadem
814 1973 1107 2027 superioritate
1134 1974 1236 2021 sibi,
1270 1988 1316 2013 ac
1348 1973 1473 2015 Sacro
1497 1977 1693 2017 Romano
1729 1977 1913 2031 imperio
1947 1978 2005 2018 ita

531 2044 710 2075 reservat
729 2066 737 2080 ,
758 2043 832 2072 aut
853 2033 883 2072 si
911 2031 1047 2074 forsan
1072 2031 1320 2088 Respublica
1342 2035 1378 2075 ei
1401 2035 1618 2077 institutae
1637 2051 1659 2075 a
1682 2035 1897 2088 Maiestate
1917 2034 2003 2078 Sua

529 2092 745 2146 regiminis
765 2090 925 2133 formae
951 2093 1258 2134 contraveniret
1275 2124 1289 2144 ,
1313 2103 1524 2150 tanquam-
1545 2111 1564 2135 a
1590 2095 1808 2149 Maiestate
1836 2110 1908 2135 sua
1925 2127 1934 2142 ,
1960 2108 2001 2138 et

530 2153 725 2193 Romano
758 2150 945 2206 Imperio
979 2149 1143 2193 rebellis
1159 2184 1170 2205 9
1203 2152 1360 2206 ingrata
1380 2186 1388 2201 ‚
1428 2165 1470 2196 et
1509 2154 1752 2196 inobediens
1766 2185 1777 2205 ,
1809 2169 1998 2196 concessa

527 2212 607 2267 ipsi
634 2211 877 2254 remissione
893 2243 907 2262 ,
931 2210 1101 2254 indulto
1121 2245 1128 2260 ,
1150 2211 1494 2265 confirmatione,
1519 2227 1560 2257 et
1581 2213 1809 2269 privilegiis
1832 2229 1890 2255 ec,
1916 2217 2000 2269 pri—

526 2285 644 2317 vata,
667 2283 795 2328 atque
817 2271 1064 2313 universum
1089 2272 1178 2314 eius
1201 2271 1457 2315 Dominium
1490 2275 1541 2315 ad
1565 2274 1739 2330 Sacrum
1762 2274 1998 2328 Imperium

526 2331 782 2373 devolutum
813 2332 967 2373 censeri
987 2365 995 2381 ‚
1032 2343 1073 2374 et
1106 2348 1189 2374 esse
1221 2332 1370 2375 debeat
1401 2348 1459 2376 eo.
1493 2350 1602 2390 quae
1635 2334 1811 2390 quidem
1853 2334 1997 2376 omnia

525 2392 716 2441 eiusdem
740 2391 1010 2439 remissionis,
1035 2392 1333 2442 institutionis,
1356 2404 1396 2435 et
1418 2394 1658 2443 creationis,
1680 2391 1809 2435 literis
1829 2408 1997 2448 expres-

523 2451 576 2491 sis
610 2452 743 2493 verbis
778 2452 1061 2493 continentur.
1085 2453 1195 2494 Cum
1216 2451 1387 2495 dilectio
1413 2466 1557 2497 autem
1583 2466 1653 2495 tua
1672 2451 1856 2509 praefato
1879 2453 1991 2494 Duci

524 2509 761 2552 Alexandro
787 2510 936 2552 eodem
958 2510 1081 2567 plane
1100 2524 1223 2569 pacto
1242 2515 1502 2567 successerit,
1521 2530 1616 2557 sane
1632 2513 1900 2555 dilectionem
1924 2523 1989 2555 tu·

522 2585 588 2610 am
604 2602 615 2617 ,
641 2569 708 2612 vel
730 2586 876 2612 eorum
901 2572 1096 2613 omnium
1123 2588 1281 2629 parum
1297 2590 1528 2617 memorem
1550 2575 1676 2616 fuisse
1703 2571 1958 2614 credendum
1976 2603 1988 2625 ,

520 2628 588 2671 vel
613 2642 723 2672 certe
746 2630 973 2671 absurdum
995 2643 1068 2679 est,
1094 2633 1136 2674 id
1159 2650 1180 2673 a
1196 2631 1422 2676 dilectione
1439 2646 1510 2676 tua
1527 2637 1680 2688 negari,
1697 2633 1784 2673 sine
1803 2646 1890 2688 quo
1911 2646 1989 2673 nec

519 2690 816 2743 predecessoris
835 2690 896 2730 sni
917 2690 1047 2731 Ducis
1066 2690 1290 2734 Alexandri
1324 2695 1500 2746 erectio,
1533 2710 1583 2735 ne
1615 2694 1721 2734 dum
1749 2690 1986 2733 dilectionis

518 2760 631 2797 tuae,
651 2751 793 2805 vigore
808 2748 995 2804 eiusdem
1012 2750 1287 2792 institutionis
1306 2763 1415 2800 tuae,
1429 2753 1479 2795 ad
1491 2769 1532 2795 se
1547 2751 1681 2795 delata
1701 2752 1904 2794 successio
1919 2768 1990 2792 va—

517 2808 600 2850 lida
618 2822 719 2852 esset
731 2842 742 2854 .
754 2821 879 2865 atque
894 2810 1145 2851 subsisteret.
1161 2811 1285 2868 Quae
1302 2826 1398 2852 cum
1415 2813 1472 2853 sic
1487 2829 1528 2855 se
1542 2813 1735 2864 habeant,
1751 2828 1796 2853 ac
1810 2812 1986 2867 proinde

517 2886 591 2910 nos
606 2868 840 2911 dilectionis
857 2881 952 2910 tuae
969 2868 1301 2913 nulliterfactam
1316 2873 1355 2911 in
1374 2874 1577 2927 Magnum
1590 2871 1986 2915 HetruriaeDuccm

520 2931 791 2984 creationem,
803 2944 847 2972 ac
865 2928 1128 2974 subsecutam
1144 2929 1273 2989 paulo
1289 2943 1379 2989 post
1391 2932 1716 2977 Coronationem
1728 2933 1881 2990 absque
1895 2949 1983 2988 gra·
