2441 3841
596 555 660 589 'LX

519 624 847 691 venienza
882 615 989 684 (161
1014 613 1219 712 Papa,
1255 635 1780 710 espressamente
1811 618 1996 687 volu-

519 739 586 786 ta
624 715 772 784 dall'
799 717 1023 781 istesso
1056 711 1498 797 Gran-duca,
1534 715 1647 780 cui
1681 711 1750 779 di
1785 731 1996 799 tutto,

538 840 643 882 16Γ
677 812 817 903 agir
849 835 979 878 con
1013 833 1155 875 esso
1189 806 1287 875 lui
1321 807 1390 874 di
1412 807 1645 876 buona
1666 807 1841 891 fede,
1862 808 1998 876 vol-

517 842 584 978 16
619 909 1021 988 informare,
1057 904 1128 970 fu
1178 902 1478 971 stabilito
1529 930 1652 999 per
1700 906 1997 997 suggeri-

520 1022 756 1072 mento
778 1000 1161 1068 dell'istesso
1182 1000 1458 1067 Sommo
1480 1000 1852 1085 Pontefice‚
1875 998 2001 1068 che

521 1102 595 1166 in
628 1124 769 1167 esso
810 1095 1164 1191 Diploma7
1215 1120 1357 1162 non
1405 1121 1528 1189 per
1578 1095 1794 1165 anche
1843 1121 1998 1189 pro-

521 1194 863 1285 mulgato,
897 1217 1038 1259 non
1070 1193 1124 1257 si
1157 1188 1431 1258 (lovesse
1465 1217 1586 1285 per
1616 1189 2000 1258 sodisfazio-

524 1317 613 1358 ne
646 1289 823 1356 della
856 1289 916 1355 S.
951 1285 1121 1354 Sede
1156 1287 1254 1353 sar
1285 1285 1782 1353 rimembranza
1816 1285 1999 1352 alcu-

525 1413 614 1453 na
646 1383 822 1451 della
840 1381 1031 1449 Bolla
1064 1380 1132 1447 di
1153 1383 1215 1448 S.
1238 1382 1355 1447 Pio
1375 1382 1462 1448 V.
1483 1380 1838 1448 acciocche
1858 1405 2001 1445 non

528 1480 887 1574 apparisse‚
910 1476 1034 1543 che
1057 1474 1457 1543 accettando
1480 1475 1607 1566 egli
1639 1474 1700 1542 la
1728 1499 2002 1542 conces-

528 1579 716 1645 sione
732 1570 1086 1667 Imperiale
1106 1624 1121 1653 ,
1155 1570 1486 1638 rifiutasse
1500 1623 1513 1650 ‚
1536 1596 1571 1638 e
1590 1572 2007 1637 rinunziasse

528 1697 565 1739 a
586 1668 813 1765 quella
847 1666 915 1735 di
937 1667 998 1734 S.
1020 1667 1139 1733 Pio
1160 1667 1245 1734 V.
1266 1666 1391 1734 che
1420 1667 1569 1733 anzi
1603 1664 2007 1754 legalmente

531 1765 932 1833 dichiarasse
964 1786 1102 1827 non
1139 1786 1313 1827 esser
1343 1785 1464 1827 sua
1506 1762 1894 1828 intenzione
1934 1758 2005 1827 di

530 1858 880 1942 recedere,
916 1883 952 1924 6
984 1854 1051 1921 (11
1085 1854 1485 1922 slontanarsi
1519 1854 1698 1923 dalla
1735 1854 2006 1949 predet-

534 1976 602 2024 ta
633 1953 859 2035 Bona,
894 1948 1395 2042 insinuandogli
1448 1954 1698 2046 potersi
1749 1949 2007 2042 agevol-

531 2069 762 2119 mente
794 2051 898 2116 cio
932 2049 1070 2114 fare
1102 2072 1232 2113 con
1274 2072 1370 2112 un
1404 2046 1570 2113 Atto
1619 2065 1915 2137 segreto,
1967 2072 2007 2114 0

534 2147 812 2215 solenne
832 2149 950 2230 (a),
974 2144 1042 2207 in
1076 2143 1190 2209 cui
1221 2143 1274 2207 si
1295 2143 1682 2235 esprimesse
1701 2140 2009 2210 (1136061-

537 2241 763 2310 tarela
784 2239 1214 2308 concessione
1263 2235 1841 2332 dell'Imperatore
1889 2262 2010 2332 per

537 2338 681 2406 solo
717 2334 1156 2427 emanciparsi
1190 2330 1366 2400 dalle
1397 2332 1737 2417 molestie,
1780 2358 1816 2399 6
1864 2357 2006 2399 11011

538 2435 643 2523 gia
674 2457 795 2527 per
824 2429 1139 2497 desistere
1171 2427 1239 2494 di
1275 2427 1511 2495 valersi
1562 2426 1738 2494 delle
1788 2428 2009 2518 grazie

539 2523 1034 2621 compartitegli
1084 2523 1261 2591 dalla
1310 2525 1516 2591 Santa
1565 2520 1736 2590 Sede
1765 2575 1780 2606 ‚
1833 2520 2008 2589 delle

540 2622 730 2719 quali
763 2623 1031 2688 Cosimo
1064 2645 1187 2688 suo
1220 2622 1551 2711 genitore,
1585 2616 1669 2686 ed
1702 2616 1831 2709 egli
1864 2642 2006 2684 non

539 2746 627 2787 ne
660 2742 912 2786 aveano
946 2718 1078 2783 mai
1111 2717 1502 2806 intermesso
1536 2713 1735 2798 l'uso,
1771 2710 1855 2780 ed
1889 2738 2006 2780 an-

605 2919 678 2977 (a)
708 2916 806 2961 Non
837 2915 1078 2961 trovandosi
1109 2914 1325 2970 registrato
1356 2924 1507 2971 questo
1539 2912 1641 2957 Atto
1669 2913 1711 2955 di
1733 2913 1918 2955 Protesta
1938 2912 2008 2956 nei

543 2977 771 3024 Protocolli
802 2978 846 3022 di
867 2978 990 3021 Mess.
1008 2974 1189 3031 Angiolo
1207 2972 1368 3017 Fax-illa
1387 2972 1665 3022 all⁷Archivio
1688 2971 1896 3020 Genemle
1919 2973 2009 3017 des-

539 3043 575 3085 si
606 3041 798 3096 credere,
829 3039 908 3084 che
939 3036 1045 3084 fatto
1075 3035 1182 3083 fosse
1213 3036 1535 3095 privatamente.
