2441 3841
656 559 724 612 52

565 665 814 697 successores
846 664 941 692 suos
973 648 1161 704 ejusdem
1197 649 1441 694 Provinciae
1474 649 1695 693 lletr'uriae
1714 682 1726 704 9
1749 651 1924 706 Magnos
1949 653 2043 695 Du·

562 731 627 755 res
660 729 757 756 vere
790 710 1056 762 creavimus,
1089 709 1293 762 fecimus,
1342 711 1666 763 constituimus,
1700 710 1934 753 extulimus
1957 745 1968 763 9
2002 726 2044 756 et

558 772 863 816 declaravimus
881 804 890 821 9
913 769 1181 827 aliorumque
1203 772 1388 826 cujusvis
1414 771 1657 813 Provinciae
1674 771 1923 826 Magnorum
1947 772 2039 814 Du-

557 850 656 876 cum
692 848 899 886 numero,
931 831 1070 873 caetui
1090 864 1098 879 ,
1144 843 1186 872 et
1217 832 1428 873 consortio
1448 863 1459 884 9
1491 831 1657 873 realiter
1689 832 2039 886 aggregavimus,

554 896 598 936 in
631 909 850 951 eorunque
882 892 1072 934 ordinem
1095 925 1104 940 ,
1137 906 1183 931 ac
1216 892 1393 945 gradum
1428 890 1553 948 pleno
1585 894 1678 946 jure
1711 893 2036 948 cooptavimus.

554 954 695 1011 Atque
728 954 870 996 omnia
891 985 902 1006 9
935 963 976 994 et
1007 949 1166 1006 singula
1201 950 1447 1008 privilegia,
1481 954 1571 1006 jura
1591 983 1602 1004 9
1635 949 1799 994 indulta
1825 985 1834 1000 ,
1858 952 2042 1007 dignita·

556 1027 617 1057 tcs
638 1048 645 1063 ‚
678 1014 889 1058 libertates
912 1045 925 1064 9
957 1012 1136 1053 honores
1158 1044 1166 1059 ,
1199 1013 1492 1053 immunitates
1509 1043 1521 1064 9
1554 1010 1703 1053 titulos
1725 1045 1734 1061 ‚
1756 1011 1931 1066 gradus,
1963 1012 2040 1054 ho-

556 1076 797 1126 norantias9
831 1071 1072 1121 facultates,
1108 1071 1383 1114 authoritates
1405 1105 1414 1120 9
1448 1072 1828 1127 praeeminentias,
1865 1087 1910 1112 ac
1952 1089 2040 1113 om—

556 1151 656 1188 nes9
688 1147 730 1177 et
749 1149 1058 1191 ¹quascumque
1095 1133 1273 1187 gratias,
1303 1133 1459 1189 quibus
1493 1130 1563 1172 alii
1585 1164 1596 1185 9
1629 1148 1752 1184 vere,
1788 1143 1828 1174 et
1873 1134 2043 1187 proprie

557 1196 875 1237 Provinciarnm
910 1193 1051 1246 Magni
1086 1191 1257 1245 Duces,
1289 1204 1331 1234 et
1382 1192 1593 1248 Principes
1638 1192 1787 1248 quavis
1834 1191 2039 1245 dignitate

555 1253 897 1311 praefulgentes,
922 1267 967 1293 ac
999 1266 1274 1308 quacumque
1308 1262 1514 1308 potestate
1548 1250 1798 1306 fungentes,
1833 1251 1885 1292 de
1919 1255 2010 1305 jure
2030 1283 2041 1304 ,

557 1313 626 1356 vel
660 1313 971 1355 consuetudine
1013 1322 1226 1365 utuntur,
1259 1312 1513 1367 potiuntur,
1546 1321 1587 1352 et
1620 1311 1802 1365 gaudent
1824 1340 1836 1361 9
1867 1326 1908 1350 se
1953 1313 2039 1360 uti,

555 1373 639 1414 frui
663 1405 674 1426 9
707 1373 834 1429 potiri
854 1404 865 1425 9
899 1383 940 1413 et
974 1371 1155 1425 gaudere
1189 1380 1364 1427 possunt
1383 1402 1394 1422 9
1417 1381 1458 1411 et
1491 1371 1645 1411 debent
1665 1401 1677 1417 9
1696 1381 1736 1410 et
1757 1371 1800 1409 in
1833 1367 2034 1411 futurum

555 1431 882 1490 quomodolibet
916 1441 1119 1486 poterunt
1139 1461 1151 1483 9
1184 1430 1253 1473 vel
1285 1430 1397 1473 soliti
1432 1428 1613 1478 fuerint,
1644 1427 1725 1470 illis
1759 1425 1941 1484 perfecte
1966 1431 2038 1471 tri-

554 1493 759 1546 buimus9
793 1492 1021 1542 dedimus,
1070 1490 1354 1544 tradidimus,
1393 1500 1520 1546 atque
1560 1489 1839 1530 concessimus
1862 1522 1870 1537 ,
1911 1501 2041 1547 prout

556 1570 632 1610 per
665 1564 897 1610 praesentes
931 1550 1079 1593 eadem
1113 1551 1307 1604 scientia,
1331 1561 1371 1593 et
1395 1549 1653 1592 authoritate
1674 1549 1874 1604 erigimus
1893 1581 1904 1602 9
1928 1550 2043 1593 exal-

556 1626 697 1656 tamus
718 1647 728 1667 9
760 1612 1040 1656 sublimamus
1060 1643 1072 1663 9
1106 1609 1419 1667 amplificamus
1438 1644 1449 1664 9
1481 1626 1672 1653 creamus
1697 1643 1708 1664 9
1739 1609 1917 1651 facimus
1935 1643 1948 1662 9
1973 1627 2040 1665 ag-

555 1691 802 1730 gregamus,
835 1684 1088 1728 coaptamus
1110 1705 1119 1721 ,
1153 1672 1304 1714 damus
1329 1705 1338 1721 ‚
1377 1672 1651 1712 concedimus
1672 1703 1684 1723 9
1722 1670 1930 1711 tradimur
1954 1702 1966 1721 9
1998 1681 2038 1712 et

555 1750 652 1776 cum
690 1736 842 1778 effectu
876 1731 1133 1789 amplissime
1158 1732 1401 1785 tribuimus,
1421 1732 1704 1779 decernentes,
1728 1743 1768 1773 et
1793 1732 1873 1772 hoc
1899 1741 2039 1771 nostro

555 1796 756 1837 Caesareo
791 1794 943 1835 Edicto
982 1792 1219 1834 firmissime
1241 1803 1490 1834 statuentes.
1530 1802 1577 1832 ut
1617 1791 1788 1845 posthac
1814 1791 2042 1847 perpetuis

554 1854 708 1897 suturis
741 1855 1008 1909 temporibus
1041 1854 1153 1894 dicta
1185 1852 1406 1894 Provincia
1441 1850 1691 1902 l-Ietruriae9
1715 1866 1797 1891 una
1829 1866 1928 1892 cum
1954 1851 2044 1891 suis

554 1916 824 1961 civitatibus,
848 1914 963 1954 terris
979 1944 990 1965 9
1013 1912 1152 1953 castris
1168 1944 1177 1959 ‚
1199 1912 1392 1968 oppidis,
1417 1911 1581 1951 arcibus
1603 1942 1611 1957 ,
1636 1909 1844 1952 fortalitiis
1860 1943 1871 1963 9
1897 1908 2032 1963 villis,

553 1975 656 2017 locis
674 2009 682 2025 ,
707 1987 747 2016 et
770 1974 934 2030 juribus
951 2005 961 2021 9
987 1989 1031 2013 ac
1055 1971 1261 2013 universis
1279 2004 1293 2023 9
1317 1983 1358 2014 et
1383 1968 1557 2024 singulis
1591 1971 1852 2025 pertinentiis
1889 1970 1938 2011 ab
1968 1987 2033 2012 eo-

553 2037 653 2078 dem
683 2033 889 2077 illustriss,
915 2033 1037 2075 Duce
1059 2031 1280 2073 Francisco
1303 2030 1494 2086 possessis
1513 2060 1525 2081 9
1548 2044 1623 2072 seu
1646 2030 1696 2070 ad
1727 2047 1829 2072 eum
1852 2045 2033 2086 quomo-

553 2093 715 2138 dolibet
753 2093 1061 2151 pertinentibus
1079 2123 1091 2145 9
1129 2106 1206 2146 pro
1248 2106 1349 2133 vero
1392 2090 1549 2143 Magno
1596 2088 1767 2130 Ducatu
1808 2090 2036 2143 habeatur,

554 2167 773 2207 teneatur,
812 2149 1062 2209 reputetur,
1086 2161 1319 2203 tractetur,
1344 2161 1386 2191 et
1408 2150 1464 2191 sic
1486 2149 1688 2205 idemque
1724 2150 1905 2204 Magnus
1939 2149 2042 2191 Dux

553 2215 820 2263 Francia—us,
842 2216 1018 2269 ejusque
1043 2209 1219 2268 praefati
1245 2210 1576 2262 Descendentes9
1596 2221 1636 2250 et
1655 2210 1804 2264 posteri
1821 2210 1864 2251 in
1884 2211 2042 2263 Magno

553 2277 636 2316 isto
659 2276 833 2318 Ducatu
857 2274 1101 2323 successuri,
1121 2270 1266 2313 ordine
1282 2302 1294 2323 9
1309 2282 1351 2313 et
1367 2269 1508 2319 modo,
1531 2269 1606 2326 qui
1629 2270 1767 2312 dietus
1785 2281 1865 2320 est,
1887 2271 1939 2311 ab
1960 2269 2039 2312 hac

553 2335 655 2376 hora
681 2336 723 2377 in
761 2346 1022 2392 perpetuum
1047 2333 1128 2374 sint
1149 2365 1157 2380 ,
1181 2330 1460 2372 inscribantur
1479 2362 1491 2383 9
1516 2331 1738 2383 dicantur,
1774 2327 2041 2387 appellentur

554 2396 698 2448 Magni
726 2397 867 2438 Duces
888 2394 1098 2445 Etruriae,
1124 2407 1168 2432 ac
1192 2402 1240 2432 ut
1260 2390 1329 2432 alii
1353 2394 1664 2446 cujuscumque
1683 2390 1925 2446 provinciae
1950 2391 2042 2431 Ma-

552 2456 623 2511 gni
646 2454 786 2496 Duces
811 2455 1074 2495 honorentur
1094 2484 1105 2504 9
1129 2462 1361 2494 tractentur
1376 2484 1384 2499 ‚
1407 2462 1449 2494 et
1472 2461 1727 2507 reputentur
1751 2450 1800 2491 ab
1821 2449 2047 2503 omnibus,

556 2526 597 2556 et
622 2513 797 2570 singulis
819 2516 1131 2570 cujuscumque
1165 2511 1315 2567 gradus
1330 2543 1342 2564 9
1363 2522 1494 2552 status
1509 2543 1520 2565 9
1547 2511 1702 2552 ordinis
1716 2541 1728 2562 9
1765 2509 2043 2563 conditionis9

555 2586 597 2616 et
624 2574 840 2630 dignitatis
860 2574 1076 2616 extiterint
1091 2605 1106 2625 9
1123 2584 1210 2613 tam
1245 2572 1287 2613 in
1322 2572 1507 2627 scriptis,
1529 2586 1659 2627 quam
1692 2570 1789 2613 viva
1809 2585 1914 2611 voce
1935 2603 1944 2618 ,
1967 2581 2042 2611 aut

555 2633 654 2675 alias
677 2635 1059 2691 quotiescumque,
1079 2646 1120 2675 et
1140 2630 1466 2690 quomodolibet
1486 2629 1660 2672 illorum
1699 2630 1860 2672 mentio
1883 2629 1961 2671 erit
1985 2629 2043 2671 fa-

553 2695 702 2736 cienda
723 2727 738 2747 9
760 2706 834 2736 aut
857 2710 1003 2736 eorum
1028 2694 1136 2734 ratio
1161 2692 1347 2733 habenda
1373 2690 1502 2733 fuerit
1523 2725 1531 2739 9
1559 2690 1782 2742 omnibus,
1803 2701 1842 2731 et
1867 2688 2042 2744 singulis

554 2755 830 2812 praenarratis
859 2752 1091 2810 privilegiis
1111 2784 1122 2803 9
1145 2751 1283 2794 titulis
1300 2783 1314 2803 9
1337 2750 1570 2792 honoribus
1592 2783 1601 2799 ‚
1624 2748 1890 2792 libertatibus
1905 2781 1915 2801 9
1955 2766 2043 2804 gra-

553 2816 624 2857 tiis
646 2848 655 2864 ‚
674 2828 718 2859 et
754 2814 972 2857 effectibus
992 2825 1075 2854 tam
1103 2812 1154 2854 de
1178 2814 1271 2866 jure
1292 2844 1300 2860 ,
1320 2826 1447 2866 quam
1475 2826 1528 2852 ex
1551 2809 1855 2852 consuetudine
1874 2841 1885 2862 9
1910 2810 1953 2850 in
1974 2825 2042 2864 ge-

553 2891 652 2918 nere
676 2908 688 2927 9
710 2873 778 2917 vcl
797 2876 840 2915 in
858 2875 996 2929 specie
1020 2872 1119 2927 ipsis
1142 2871 1286 2925 Magni
1313 2870 1501 2912 Ducibus
1537 2869 1877 2927 competentibus
1897 2869 1940 2910 in
1962 2885 2041 2912 ses-

551 2936 745 2978 sionibus
765 2968 775 2984 ,
794 2931 1108 2976 celebritatibus
1128 2964 1140 2985 9
1171 2930 1344 2988 pompis
1359 2963 1367 2978 ,
1395 2930 1643 2973 ceremoniis
1663 2963 1672 2980 ,
1693 2941 1734 2971 et
1771 2930 1933 2971 actibus
1960 2945 2042 2985 pu·

551 2995 675 3037 blicis
694 3029 705 3047 9
720 2993 786 3038 vel
813 2994 1000 3050 privatis,
1020 2993 1062 3034 in
1079 2992 1321 3050 quibusque
1339 2989 1441 3032 locis
1456 2991 1616 3047 ubique
1638 3002 1857 3039 terrarum,
1876 2989 2040 3031 etiamsi

553 3054 690 3113 aliqui
715 3054 789 3097 alii
811 3055 955 3111 Magni
980 3054 1122 3098 Duces
1143 3085 1156 3108 9
1176 3050 1419 3109 similesque
1442 3052 1671 3108 Principes,
1694 3062 1740 3092 ut
1762 3066 1902 3107 supra,
1924 3064 2042 3107 prae-
