2441 3841
625 517 692 581 Ιῖι

723 606 1032 676 Columna,
1077 617 1130 660 et
1176 608 1418 663 Vrsinus
1463 609 1812 666 contendant

992 683 1062 738 de
1101 683 1536 739 Praecedentia.

607 835 944 890 Illustrissimi
983 836 1199 891 Domini
1235 836 1444 891 Marcus
1484 833 1744 891 Antonius
1788 837 1854 892 de
1895 838 1999 893 Co-

530 913 739 984 lumna,
766 928 817 966 et
845 912 1037 968 Paulus
1075 913 1328 968 Iordanus
1364 915 1591 986 cognati,
1620 917 1686 966 ne
1715 915 2000 969 contende·

529 1006 643 1044 rent
672 989 739 1044 de
769 990 1158 1063 praecedentia,
1187 1010 1293 1044 non
1325 991 1532 1043 iverunt
1562 1011 1684 1044 cum
1712 991 1864 1046 Duce
1908 990 2001 1046 illo

530 1087 681 1122 mane
701 1111 714 1138 ‚
743 1066 836 1120 sed
864 1069 919 1120 in
947 1066 1143 1123 Palatio
1169 1067 1482 1120 associarunt
1512 1087 1650 1123 eum.

607 1223 869 1288 Senator,
897 1233 949 1274 et
978 1222 1404 1276 Conservatores
1432 1240 1543 1273 non
1572 1236 1835 1276 venerunt
1856 1223 1919 1275 ob

669 1296 881 1350 dictam
894 1295 1347 1370 praecedentiam
1371 1317 1495 1349 cum
1518 1300 1864 1352 Oratoribus.

682 1373 916 1427 Cazctela
945 1374 1221 1445 Magistri
1249 1374 1740 1426 Caeremoniarum
1769 1372 1848 1426 ad

811 1447 1172 1503 removendas
1212 1452 1591 1502 contentiones
1633 1447 1703 1501 de

1038 1523 1236 1577 ordine
1276 1526 1493 1597 Papae.

605 1678 849 1746 Senator,
877 1690 927 1729 et
957 1676 1361 1730 Conservatores
1408 1696 1511 1728 non
1560 1691 1882 1729 accesserunt
1929 1675 1999 1729 oh

527 1751 756 1806 dubium
776 1751 966 1827 ,quod
995 1751 1241 1804 haberent
1269 1751 1588 1804 contendere
1617 1771 1738 1804 cnm
1762 1751 1999 1804 Oiatori-

527 1827 626 1882 bus
655 1828 961 1901 Principum
990 1826 1058 1878 de
1085 1825 1477 1898 praecedentia,
1513 1843 1564 1880 et
1610 1847 1705 1899 ego
1751 1825 1956 1881 habui
1944 1847 1998 1881 ιιι

526 1902 781 1958 mandatis
801 1904 965 1978 ,quia
994 1903 1270 1975 procuravi
1299 1924 1325 1957 a
1356 1905 1443 1958 SS.
1476 1903 1742 1971 DominO,
1779 1902 1926 1977 qnod
1956 1903 1998 1956 si

529 1979 692 2055 aliqui
720 1980 1014 2052 Principes,
1044 1979 1316 2048 Oratores,
1346 1978 1638 2048 Officiales,
1667 1978 1748 2032 vel
1777 1979 1860 2033 alii
1890 1999 2000 2033 cer-

531 2071 638 2109 tare
669 2056 863 2109 vellent
890 2055 956 2108 de
985 2053 1379 2141 praecedentia,
1407 2056 1761 2127 praecipelem
1791 2057 1911 2127 ipsis
1933 2055 1999 2107 de

533 2131 717 2185 ordine
750 2136 882 2187 Suae
912 2131 1231 2200 Sanctitatis,
1269 2148 1320 2184 et
1347 2133 1446 2185 sub
1492 2152 1657 2204 poena
1704 2152 1820 2184 suae
1867 2131 2001 2184 indi-

529 2209 780 2280 gnationis
807 2206 956 2282 quod
984 2205 1345 2277 discederent,
1375 2224 1427 2261 et
1456 2228 1561 2261 non
1601 2207 1874 2260 turbarent
1919 2227 2001 2260 01-

529 2283 710 2339 dinem
739 2285 1035 2361 equit:,11us
1064 2300 1114 2337 et
1141 2285 1214 2339 sic
1249 2305 1334 2338 me
1372 2304 1478 2339 esse
1524 2284 1787 2339 facturum
1833 2284 2000 2338 omni-

531 2360 629 2414 bus
658 2360 800 2433 dixi,
828 2377 877 2414 et
905 2359 1118 2436 profuit

588 2516 734 2568 Dux
764 2518 1057 2569 intimatus
1086 2536 1119 2568 a
1148 2516 1467 2571 Cursoribzcs
1491 2536 1597 2588 pro
1636 2516 1819 2568 sllissa
1848 2511 1946 2588 (a).

531 2684 609 2727 del
653 2684 827 2741 Popolo
866 2699 950 2726 con
994 2685 1240 2741 l’aggt'unta
1282 2683 1335 2725 di
1373 2685 1528 2726 alcuni
1567 2684 1792 2727 filit-aeoli.
1846 2683 1994 2725 Roma·

539 2747 664 2790 1600.
696 2746 742 2786 in
782 2742 838 2797 4⁰
870 2741 992 2785 Delia
1023 2754 1224 2798 seguente
1256 2748 1279 2785 e
1311 2754 1459 2786 autore
1491 2742 1721 2798 Ambrogio
1752 2743 1995 2785 Landucci:

537 2804 724 2861 Origine
756 2803 834 2846 del
867 2805 1051 2856 Tempio
1083 2803 1300 2846 dedicato
1340 2806 1386 2845 in
1420 2805 1568 2846 Roma
1600 2806 1698 2845 atta
1738 2805 1790 2848 V.
1831 2804 1997 2844 Madre

530 2864 583 2906 di
613 2867 705 2907 Dio
737 2864 893 2906 Maria
924 2880 1075 2918 presso
1108 2865 1207 2905 alla
1242 2865 1385 2906 Porta
1421 2866 1682 2918 Flammin,
1729 2864 1856 2906 detta
1900 2866 1998 2921 oggi

532 2924 610 2968 del
644 2927 833 2981 Popolo.
870 2927 1017 2968 Roma
1060 2924 1184 2977 1646.
1220 2926 1266 2965 in
1301 2923 1358 2977 4⁰

592 2986 665 3042 (a)
698 2986 763 3030 Da
796 2991 872 3045 qui
903 2987 947 3027 in
979 2985 1051 3043 poi
1085 2999 1250 3027 cessano
1282 2995 1428 3043 queste
1462 2983 1670 3027 rubriche.
