2441 3841
645 520 711 572 16

561 631 670 663 mos
698 607 1034 679 presbyteros
1064 605 1390 678 Cardinale33
1417 607 1471 666 in
1500 608 1678 663 eundo
1704 610 1771 665 ad
1800 612 2021 685 Cappel-

559 685 660 739 lam
692 686 814 737 Dux
860 683 979 737 tulit
1007 682 1226 737 caudam
1253 683 1528 754 pluvialis,
1559 701 1609 739 et
1639 686 1806 741 donec
1834 688 1932 740 fuit
1950 688 2023 741 fa-

551 778 638 816 cta
659 759 931 815 Confessio
957 761 1095 813 stetit
1124 760 1425 832 ganuflexus
1454 760 1505 812 in
1536 761 1725 816 ultimo
1753 762 1915 834 gradu
1930 765 2022 816 So-

557 837 611 891 lii
633 862 645 909 3
668 836 765 890 ‘sed
793 857 897 889 non
927 835 1027 889 fuit
1056 836 1128 889 ibi
1156 836 1325 891 donec
1354 840 1440 892 SS.
1464 839 1728 894 Dominus
1757 837 2024 892 adscendit

559 914 625 968 ad
653 914 854 968 Solium
877 956 890 980 ,
928 933 1024 965 nec
1064 912 1184 965 fecit
1220 915 1266 966 ei
1303 916 1680 984 reverentiam,
1726 916 1846 990 quia
1891 914 2024 967 dun}

559 989 816 1063 completa
846 987 1183 1044 Confessione
1214 993 1302 1045 SS.
1332 991 1593 1044 Dominus
1620 1006 1884 1063 acceperat
1924 991 2025 1044 Mi-

561 1082 689 1120 tram
712 1111 725 1136 ,
754 1068 861 1139 ipse
892 1066 1015 1118 Dux
1052 1065 1147 1118 ivit
1192 1066 1257 1119 ad
1285 1066 1576 1120 sedendum
1605 1068 1737 1120 inter
1764 1069 2025 1122 Reveren-

559 1141 800 1196 dissimos
820 1141 1148 1195 Madrutium
1164 1187 1177 1211 ,
1196 1159 1246 1196 et
1271 1142 1543 1211 Alciatum,
1571 1142 1783 1196 ultimos
1803 1144 2024 1214 Presby-

561 1234 698 1273 teros
727 1217 1026 1273 cardinales
1047 1262 1060 1287 ,
1089 1235 1138 1271 et
1167 1218 1312 1273 male.
1345 1220 1472 1273 Erat
1501 1220 1643 1273 dicto
1687 1240 1836 1272 mane
1882 1217 2023 1272 solus

562 1293 1046 1350 Reverendissimus
1072 1295 1138 1347 ab
1165 1294 1403 1349 Ecclesia
1431 1296 1694 1350 Diaconus
1722 1295 1821 1348 sub
1841 1293 2024 1349 Cardi-

565 1370 678 1423 nale
708 1368 906 1424 Alciato
927 1413 940 1438 ,
969 1385 1020 1423 et
1047 1370 1118 1423 sic
1145 1371 1271 1423 Dux
1297 1369 1478 1424 habuit
1507 1371 1606 1424 sub
1641 1390 1697 1422 se
1737 1369 1871 1422 duos
1899 1371 2026 1424 Car-

561 1444 787 1517 dinales,
815 1461 866 1498 et
895 1445 1017 1519 quia
1049 1445 1155 1517 ipse
1175 1446 1299 1499 Dux
1329 1466 1431 1498 non
1462 1445 1627 1498 fuerat
1655 1447 1933 1498 instructus
1960 1443 2030 1497 de

560 1520 770 1594 agendis
800 1542 891 1594 per
918 1522 1092 1593 ipsum
1110 1519 1177 1574 ad
1199 1540 1324 1575 vers.
1347 1525 1609 1576 Precibus
1639 1535 1691 1575 et
1719 1526 1931 1575 meritis
1951 1540 2026 1575 ec.

559 1613 611 1651 et
644 1598 1136 1666 Benedictionem,
1166 1617 1262 1651 nec
1307 1596 1375 1650 ad
1415 1600 1751 1652 Incarnatns
1797 1611 1879 1652 est
1923 1617 2028 1651 non

557 1674 866 1746 genuflexit,
884 1672 976 1727 sed
996 1672 1261 1727 inclinavit
1290 1690 1445 1745 caput
1475 1695 1619 1727 more
1649 1673 2027 1739 Cardinalium,

557 1766 606 1803 et
632 1751 764 1804 male
793 1771 854 1804 ex
883 1749 1035 1822 culpa
1065 1766 1268 1817 nostra,
1297 1764 1348 1801 et
1380 1770 1442 1801 ne
1482 1749 1658 1821 plures
1704 1769 1903 1802 errores
1952 1769 2029 1801 se-

557 1843 871 1901 querentur,
890 1824 1021 1878 dum
1041 1823 1199 1878 fiebat
1220 1823 1446 1878 circulus
1468 1845 1563 1896 pro
1584 1824 1812 1878 dicendo
1836 1825 2026 1895 Agnus

556 1905 695 1971 Dei,
731 1901 836 1955 dixi
867 1900 1130 1973 praedicto
1158 1901 1321 1967 Duci,
1358 1900 1505 1975 quod
1541 1917 1693 1955 staret
1721 1900 2027 1973 genuflexus

558 1998 728 2054 usque
755 1977 822 2031 ad
850 1981 987 2033 Post
1007 1980 1404 2033 Comzcnionem
1420 2021 1432 2041 ,
1453 1993 1503 2030 et
1523 1977 1758 2031 similiter
1785 1976 1917 2030 dum
1939 1978 2027 2031 SS.

560 2054 822 2107 Dominus
851 2070 983 2106 esset
1010 2053 1230 2106 daturus
1258 2053 1678 2107 benedictionem
1708 2055 1761 2106 in
1780 2050 1883 2105 fine
1905 2053 2033 2105 Mis-

559 2150 670 2199 sae,
700 2129 846 2206 quod
877 2129 1012 2183 fecit.
1044 2130 1104 2181 In
1134 2129 1355 2183 Camere
1385 2131 1813 2182 paramentorum
1833 2173 1846 2197 ,
1883 2144 1935 2181 et
1978 2129 2031 2180 in

563 2205 811 2278 Cappella
824 2205 922 2259 fuit
939 2206 1059 2259 Dux
1074 2225 1195 2258 cum
1207 2203 1574 2258 Cardinalibus
1588 2206 1750 2278 capite
1765 2219 2040 2276 coopert03

559 2283 613 2336 in
632 2280 921 2336 deferendo
939 2297 1110 2335 autem
1130 2280 1349 2335 caudam
1369 2282 1538 2353 capite
1556 2280 1784 2347 detectO,
1797 2296 1846 2333 et
1861 2299 2030 2332 rever-

564 2379 651 2411 sus
679 2357 745 2412 ad
775 2359 1051 2413 Cameram
1081 2360 1509 2411 paramentorum
1546 2356 1646 2410 fuit
1683 2355 1918 2411 similiter
1953 2355 2050 2407 in-·

566 2450 644 2487 ter
687 2434 821 2488 duos
869 2433 1080 2487 ultimos
1119 2434 1456 2503 presbyteros
1508 2432 1814 2488 Cardinales
1867 2431 2031 2502 capite

568 2526 843 2582 coopertO,
884 2525 935 2563 et
976 2509 1276 2564 discedente
1317 2512 1405 2565 SS.
1448 2511 1682 2563 Domino
1710 2508 1952 2581 praeivit,
1981 2522 2032 2559 et

569 2586 622 2638 in
659 2606 859 2639 camera
903 2585 1067 2641 Sellae
1103 2585 1201 2639 fuit
1236 2585 1528 2639 licentiatus
1556 2606 1586 2639 a
1612 2588 1714 2640 Sua
1744 2583 2032 2639 Sanctitate.

644 2663 769 2716 Dux
799 2662 896 2715 fuit
925 2663 1220 2715 incensa-tus
1247 2660 1447 2733 duplici
1475 2661 1669 2730 ductu,
1697 2681 1799 2712 non
1831 2658 1931 2712 fuit
1959 2659 2036 2711 in-

569 2755 804 2792 censatus
833 2760 859 2791 a
889 2737 1181 2809 penultimo
1208 2738 1522 2808 Presbytero
1550 2736 1617 2789 ad
1644 2739 1913 2789 incensum
1936 2778 1949 2802 ,
1986 2749 2036 2786 et

568 2815 719 2870 bene.
749 2818 851 2869 Pax
882 2814 979 2867 fuit
1007 2813 1125 2866 data
1158 2814 1322 2881 Duci,
1352 2812 1483 2865 dum
1513 2830 1645 2867 esset
1673 2812 1995 2884 genuflexus.

646 2892 776 2946 Erat
806 2893 929 2944 Dux
957 2911 1078 2943 cum
1109 2904 1248 2942 veste
1279 2889 1424 2942 brevi
1453 2888 1519 2942 de
1556 2909 1669 2943 raso
1707 2890 1854 2960 nigro
1894 2886 2038 2957 pelli-

565 2967 665 3022 bus
706 2966 935 3021 foderata
957 3011 970 3037 ,
1007 2982 1057 3020 et
1092 2967 1285 3021 birreto
1321 2964 1387 3019 de
1425 2964 1655 3037 vellum,
1702 2982 1858 3038 prout
1904 2962 2001 3016 fuit
2023 3005 2036 3025 ,
