2441 3841
661 533 677 566 1
698 535 724 565 2

575 601 762 674 positio
790 618 1021 668 caussae,
1049 612 1205 671 prout
1233 596 1567 653 decreveram
1595 619 1824 669 servare,
1859 620 1925 654 ne
1954 620 2041 654 oe-

574 674 940 730 curreretdare
954 675 1130 728 locum
1148 676 1290 729 Duci
1310 676 1362 728 in
1383 676 1707 730 Consistorio
1726 676 1826 753 (a)3
1846 692 1896 729 et
1916 678 2040 730 Dux

575 751 718 805 factis
747 752 911 805 tribus
941 753 1243 805 reverentiis
1270 753 1407 823 juxta
1438 772 1663 821 morem,
1691 752 2041 807 assistentibus

574 827 818 882 Praelatis
846 829 1233 882 remanentibus
1262 829 1315 881 in
1343 827 1498 900 plano
1526 829 1719 899 Aulae,
1747 848 1870 883 cum
1897 828 2041 901 prius

575 902 687 957 duo
698 904 917 958 Diaconi
929 903 1231 959 Cardinales
1249 905 1585 977 praeivissent
1603 905 1670 959 ad
1690 905 2040 970 assistentiam,

575 979 836 1033 osculatus
866 979 965 1033 fuit
994 979 1211 1052 pedem,
1249 998 1301 1035 et
1329 1001 1544 1034 manum
1565 1026 1578 1052 ‚
1615 999 1666 1035 et
1702 998 1938 1054 receptus
1975 977 2042 1031 ad

575 1055 817 1109 osculum
853 1057 975 1110 oris:
1025 1055 1216 1110 deinde
1262 1057 1561 1130 genuflexus
1607 1057 1740 1112 dixit
1786 1055 2043 1133 quaedam

575 1151 740 1204 pauca
768 1132 949 1201 verba,
979 1148 1030 1185 et
1058 1131 1234 1186 habito
1256 1154 1502 1206 responso
1531 1136 1668 1188 stetit
1687 1156 1713 1187 a
1733 1134 1928 1187 dextris
1950 1135 2043 1188 So-

575 1205 736 1282 lii(b).
759 1207 854 1260 Illo
873 1208 1081 1261 interim
1102 1211 1282 1263 vocavi
1302 1209 1368 1263 de
1389 1210 1574 1263 ordine
1594 1211 1754 1282 ipsius
1774 1210 1936 1264 Ducis
1948 1210 2045 1264 Re·

576 1282 975 1337 verendissimos
1004 1287 1054 1339 S.
1076 1285 1313 1358 Georgii,
1335 1286 1722 1354 Granvellium‚
1740 1289 2044 1356 Paceccum‚

576 1359 830 1414 Vrsinum
844 1403 857 1427 ,
880 1357 1287 1415 Alexandrinum
1301 1406 1314 1429 ‚
1336 1362 1689 1429 Madrufium,
1709 1361 2046 1430 Columnam,

580 1450 629 1486 et
660 1435 930 1504 Bobbam3
958 1451 1008 1488 et
1035 1435 1250 1488 Familia
1286 1438 1479 1508 incepit
1506 1436 1724 1490 osculari
1752 1435 1918 1490 Pedes
1955 1439 2045 1491 SS.

579 1510 824 1578 Domini3
853 1529 1083 1584 cumque
1123 1512 1277 1583 pauci
1315 1511 1532 1565 Nobiles
1579 1511 1794 1566 osculati
1835 1512 2049 1567 fuerunt

579 1584 772 1658 pedes,
803 1587 890 1640 SS.
921 1587 1184 1640 Dominus
1215 1586 1479 1641 mandavit
1514 1588 1664 1642 nobis
1685 1633 1698 1657 ‚
1728 1587 1875 1663 quod
1903 1587 2050 1641 [lare-

578 1681 697 1714 mus
725 1660 1011 1715 scabellum
1040 1663 1180 1717 Duci
1209 1663 1431 1736 podagra
1459 1664 1709 1719 laboranti
1755 1664 1823 1717 ad
1867 1662 2049 1716 seden-

579 1736 737 1804 dum,
766 1757 875 1811 quo
902 1736 1024 1791 dato
1051 1758 1144 1811 per
1171 1740 1395 1808 socium,
1424 1740 1556 1793 sedit
1570 1743 1711 1809 Dux,
1739 1739 1910 1793 donec
1937 1759 2048 1792 om-

580 1833 673 1866 nes
701 1812 769 1864 de
797 1811 987 1866 familia
1008 1856 1022 1884 >
1049 1815 1143 1889 qui
1171 1813 1385 1869 fuerunt
1423 1817 1556 1870 circa
1584 1837 1658 1871 cc,
1689 1814 1905 1870 osculati
1941 1814 2052 1869 fue—

583 1904 708 1946 runt
736 1887 912 1962 pedes,

646 2135 722 2189 (α)
752 2133 847 2176 Vna
880 2132 1047 2190 postilla
1080 2138 1155 2191 qui
1190 2147 1361 2194 apposta
1396 2136 1514 2186 dice,
1546 2137 1626 2179 che
1658 2153 1746 2181 non
1782 2149 1881 2181 erat
1903 2138 2051 2184 adhuc

585 2194 814 2238 decretum
848 2193 905 2237 de
938 2196 1037 2237 loeo
1069 2194 1228 2239 dando
1264 2199 1384 2241 Daci
1416 2200 1462 2239 in
1498 2199 1782 2242 consistorio.

644 2256 714 2313 (b)
734 2254 832 2303 Cio,
848 2268 969 2297 come
992 2255 1145 2297 dieono
1165 2255 1220 2312 gli
1247 2258 1464 2311 scrittori,
1480 2256 1526 2300 fu
1542 2273 1716 2314 appreso
1740 2272 1815 2313 per
1840 2272 1923 2300 una
1946 2273 2052 2301 ono-

583 2313 778 2358 rificenza
809 2313 931 2356 solita
963 2316 1198 2358 concedersi
1232 2318 1502 2360 unicamente
1530 2316 1596 2359 all’
1609 2318 1885 2375 Imperatore,
1924 2319 1976 2360 ed
2014 2319 2053 2360 ai

585 2375 669 2417 Re.
691 2373 788 2416 Vno
810 2375 998 2417 serium-e
1027 2377 1246 2429 moderno,
1268 2378 1359 2421 cioe
1383 2377 1415 2418 il
1440 2376 1652 2429 Galluzzi‚
1691 2393 1852 2421 osserva
1872 2411 1881 2425 ‚
1905 2378 1983 2421 che
2021 2377 2052 2418 il

584 2433 697 2489 Papa
720 2435 763 2475 in
784 2431 841 2475 tal
865 2434 1115 2477 circostanza
1133 2436 1307 2493 deposta
1327 2437 1366 2479 la
1386 2453 1461 2480 sua
1486 2436 1675 2479 naturale
1696 2438 1913 2487 austerita,
1930 2438 1960 2478 si
1986 2438 2051 2480 di-

583 2497 743 2535 mostro
774 2491 920 2545 dolce,
944 2494 995 2536 ed
1020 2495 1261 2540 amorevole
1302 2514 1420 2541 verso
1450 2497 1492 2539 di
1535 2498 1666 2546 tutti,
1687 2514 1709 2540 e
1735 2497 1813 2539 che
1854 2497 2049 2539 ciascuno

585 2554 765 2595 ammiro
784 2568 862 2595 con
884 2568 1067 2610 sorpresa
1082 2587 1093 2609 ,
1115 2556 1193 2599 che
1215 2572 1274 2598 un
1295 2560 1408 2615 Papa
1440 2564 1526 2602 cosi
1558 2567 1775 2600 sostenuto
1810 2570 1890 2597 con
1918 2557 1929 2596 i
1955 2558 2050 2599 Mo-

582 2612 726 2654 narchi
760 2629 897 2655 avesse
930 2625 1043 2656 tanta
1075 2627 1313 2670 teneram,
1337 2635 1358 2660 e
1383 2619 1741 2674 compiacimento
1764 2631 1838 2672 per
1855 2616 2050 2671 Coshno,

578 2687 606 2714 e
637 2688 689 2714 ue
721 2673 937 2716 dedueeva
961 2674 1010 2715 da
1046 2686 1160 2718 tutto
1192 2678 1258 2720 cio
1290 2676 1327 2719 la
1360 2679 1484 2719 rai-ita
1518 2678 1584 2720 dei
1617 2677 1710 2718 suoi
1735 2676 1899 2725 meriti3
1927 2692 1948 2717 e
1968 2676 2049 2720 che

581 2731 594 2772 i
627 2732 730 2774 suoi*
754 2734 958 2775 avversari
991 2733 1189 2779 celavano
1221 2752 1301 2778 con
1338 2735 1376 2778 la
1419 2735 1759 2779 dissimulazione
1807 2733 1835 2775 i!
1882 2733 2016 2778 livore
2037 2769 2047 2785 ‚

580 2802 724 2834 tranne
756 2789 1098 2836 l'Ambasciatore
1132 2794 1384 2851 Imperiale,
1430 2796 1508 2838 che
1553 2797 1679 2852 pieno
1720 2795 1763 2837 di
1796 2795 1981 2851 dispetto
2014 2797 2047 2837 si

578 2857 688 2907 parti
720 2849 827 2894 dalla
859 2853 939 2897 sala
976 2853 1044 2897 del
1078 2856 1324 2898 Concistoro
1357 2854 1425 2899 nel
1458 2868 1594 2913 punto
1627 2855 1657 2896 il
1692 2856 1767 2912 pisi
1801 2856 2048 2897 iuteressan·

577 2923 620 2953 te
653 2910 762 2954 della
794 2911 1016 2969 funzione,
1048 2929 1122 2972 per
1155 2915 1296 2960 avez-10
1326 2917 1386 2961 ivi
1419 2915 1525 2960 fatto
1556 2916 1721 2973 sedere,
1752 2930 1875 2959 come
1906 2915 1939 2958 si
1973 2932 2046 2960 ve-

577 2971 649 3014 drh
682 2972 726 3015 in
756 2973 941 3029 seguito.
