2441 3841
1677 488 1742 542 27

350 581 444 617 xus
472 564 526 617 in
553 582 713 636 parvo
741 559 965 616 scabello
993 560 1243 633 praestitit
1270 561 1626 633 juramentum
1644 560 1788 616 tactis
1798 603 1814 631 ,

351 654 402 692 et
430 637 737 693 deosculatis
765 637 1106 693 Sacrosanctis
1135 634 1243 711 (a).

426 714 523 769 Illo
550 716 754 768 interim
778 758 790 783 ,
820 711 1248 785 praecedentibus
1275 711 1485 766 duobus
1512 713 1813 782 Mazzerii5‚

347 787 474 844 duxi
497 792 616 846 DD.
638 789 1008 861 Sangallettum
1026 787 1431 842 Thesaurarium
1456 789 1741 858 Secretum‚
1763 804 1817 842 et

346 865 690 920 Iustinianum
709 861 960 920 Orfinum
981 862 1380 915 Cubicularium
1405 865 1693 930 Secretum,
1713 863 1815 916 alte

350 940 574 1004 ferentes
602 940 785 994 bacilia
820 959 944 993 cum
971 938 1181 992 Corona
1202 979 1215 1004 ‚
1243 952 1295 990 et
1324 937 1482 1008 Virga
1518 937 1816 1010 supradicta

345 1015 411 1067 ad
441 1016 642 1070 Solium
663 1059 676 1084 ‚
705 1035 838 1090 qnos
866 1012 1165 1086 genuflexos
1193 1011 1291 1066 feci
1318 1027 1450 1066 stare
1478 1032 1641 1086 prope
1689 1014 1812 1066 Dia-

344 1109 539 1143 conum
567 1089 898 1145 Cardinalem
926 1111 952 1143 a
980 1088 1171 1143 dextris
1191 1132 1204 1157 ‚
1232 1089 1327 1142 ubi
1365 1090 1519 1143 etiam
1548 1089 1689 1142 stetit
1718 1090 1818 1143 Re-

344 1165 622 1222 verendiSS.
659 1167 726 1222 D.
758 1165 1047 1223 Cardinalis
1085 1164 1277 1219 Vrbini
1316 1165 1516 1237 primns
1554 1165 1817 1219 Presbiter

346 1241 640 1296 Cardinalis
663 1243 914 1298 Assistens
942 1262 1109 1318 usque
1136 1239 1204 1294 ad
1230 1261 1487 1295 recessum
1512 1242 1700 1312 Ducis3
1720 1242 1817 1316 qui

346 1317 499 1386 Dux,
528 1319 771 1390 praestito
797 1321 1115 1386 iuramento,
1145 1317 1428 1389 genuflexit
1456 1319 1510 1370 in
1539 1317 1693 1391 plano
1723 1320 1817 1372 So-

344 1390 399 1444 lii
429 1414 455 1445 a
484 1392 678 1448 dextris
706 1396 839 1449 Suae
859 1394 1173 1461 Sanctitatis‚
1201 1409 1250 1446 et
1278 1409 1405 1448 tunc
1427 1397 1514 1450 SS.
1543 1394 1816 1462 Dominus,

345 1465 577 1540 deposita
604 1471 763 1524 Mitra
784 1515 797 1537 ‚
825 1486 960 1525 stans
988 1469 1119 1523 dixit
1164 1469 1445 1525 versiculos
1466 1513 1481 1540 ,
1528 1470 1814 1539 orationeS‚

348 1560 406 1597 ut
435 1545 592 1616 infra,
621 1546 866 1601 videlicet
889 1571 899 1600 :

404 1789 479 1843 (a)
511 1785 543 1828 ll
575 1785 772 1831 Galluzzi
807 1803 892 1830 non
924 1799 1086 1831 ostante
1118 1788 1197 1832 che
1229 1804 1368 1833 avesse
1387 1789 1642 1834 sott’occhio
1668 1788 1698 1832 il
1719 1806 1812 1845 rag-

341 1846 511 1904 guaglio
543 1847 586 1890 di
618 1860 763 1906 questa
795 1846 966 1890 solenne
997 1849 1320 1893 incoronazione
1339 1883 1354 1904 ,
1387 1867 1410 1892 e
1442 1851 1521 1895 che
1562 1851 1621 1893 fin
1663 1851 1705 1892 di
1745 1849 1812 1892 sul

342 1908 554 1966 principio
585 1910 618 1950 si
650 1920 895 1966 protestasse
927 1907 1067 1953 d'aver
1096 1925 1146 1952 su
1177 1909 1426 1954 documenti
1459 1912 1693 1954 inconcussi
1719 1909 1813 1951 son·

341 1970 439 2011 dato
473 1967 512 2011 le
542 1984 617 2011 sue
649 1969 947 2023 osservazioni‚
977 1974 1078 2026 qui,
1099 1984 1222 2013 come
1245 1971 1287 2012 in
1322 1970 1439 2017 mille
1471 1970 1565 2014 altri
1593 1970 1747 2026 luoghi
1769 1970 1813 2012 di

342 2027 485 2086 quella
516 2027 685 2072 infelice
716 2045 790 2071 sua
823 2028 982 2072 Storia
1007 2029 1086 2072 del
1116 2029 1469 2079 Gran-ducato,
1488 2031 1570 2073 l'ha
1592 2029 1814 2086 sbagliata,

341 2100 504 2130 mentre
537 2104 620 2130 non
652 2088 776 2146 dopo
815 2088 1058 2145 Z’Epistola
1084 2093 1336 2146 pronunzz'o
1359 2094 1394 2133 il
1411 2094 1719 2148 gz‘uramenlo,
1744 2105 1815 2131 co-

341 2147 480 2204 m’egli
515 2147 606 2191 dice
622 2180 634 2201 ‚
664 2165 731 2190 ma
766 2148 880 2204 dopo
899 2164 1028 2192 essere
1045 2160 1154 2191 stato
1174 2148 1293 2191 detto
1315 2149 1579 2207 l'Evangelio
1600 2149 1667 2193 dal
1686 2150 1812 2193 Som-

342 2224 417 2251 mo
439 2208 677 2258 pontefice,
706 2208 748 2250 di
782 2209 853 2250 cui
886 2208 946 2250 ivi
979 2210 1021 2250 in
1053 2211 1127 2266 piu
1159 2208 1306 2264 luoghi
1342 2209 1424 2264 egli
1458 2211 1651 2254 scrivein
1671 2209 1809 2264 gilisa,

342 2285 412 2311 ma
448 2283 534 2311 non
564 2283 642 2310 con
675 2268 921 2311 documenti
962 2269 1222 2324 inconcussi,
1265 2270 1317 2312 da
1361 2270 1422 2312 far
1466 2272 1736 2313 tacitamente
1767 2286 1810 2311 se

342 2345 427 2371 non
460 2328 649 2381 credere,
679 2326 818 2371 almen
850 2340 1098 2384 sospettare,
1130 2329 1209 2374 che
1242 2329 1424 2385 indegno
1459 2330 1564 2374 fosse
1596 2331 1742 2373 d’esser
1766 2329 1811 2370 in

345 2389 511 2445 seguito
532 2388 709 2445 fregiato
729 2387 1001 2430 dell’aureola
1027 2390 1095 2433 dei
1109 2389 1429 2448 Compreensori
1449 2391 1518 2435 del
1535 2389 1810 2446 Cielo.Trop-

345 2464 401 2504 po
435 2447 555 2491 facile
585 2453 607 2491 ὲ
641 2465 662 2490 a
695 2450 845 2506 sapersi
866 2448 895 2490 il
917 2451 1192 2507 motiv0‚per
1222 2452 1292 2492 cui
1313 2463 1464 2508 questo
1480 2450 1613 2493 Samo
1630 2451 1686 2493 sia
1703 2460 1811 2491 stato

341 2520 458 2552 tanto
494 2524 612 2565 preso
643 2510 684 2551 di
720 2510 823 2551 mira
845 2509 895 2551 da
918 2508 1001 2561 lui,
1025 2528 1048 2553 e
1071 2510 1124 2552 da
1158 2509 1295 2553 alcuni
1330 2512 1522 2554 moderni
1563 2509 1809 2553 irreverenti

341 2570 532 2611 scrittori.
545 2566 720 2612 Niccolo
740 2569 923 2622 Franco,
941 2569 1102 2614 celebre
1124 2583 1246 2627 poeta
1266 2573 1447 2626 satirico,
1467 2587 1637 2615 censore
1660 2584 1807 2612 ancora

342 2627 423 2684 egli
456 2630 523 2673 dei
557 2630 674 2679 vivi,
706 2646 729 2673 e
761 2630 828 2673 dei
863 2631 1014 2683 morti,
1047 2633 1214 2684 amico,
1259 2649 1282 2675 e
1331 2635 1403 2689 poi
1456 2648 1552 2688 gran
1599 2628 1731 2675 rivale
1764 2629 1807 2671 di

341 2690 482 2732 Pietro
505 2688 700 2738 Aretino,
735 2706 810 2747 per
841 2706 939 2733 aver
970 2689 1151 2747 padam,
1184 2708 1207 2734 e
1238 2693 1382 2735 scritto
1414 2708 1494 2734 con
1527 2691 1810 2749 pocorispet-

345 2757 389 2789 to
420 2749 461 2790 di
493 2754 525 2792 si
554 2766 653 2804 gran
682 2751 920 2803 Pontefice,
954 2750 998 2793 in
1030 2756 1097 2794 eta
1127 2751 1257 2795 senile
1288 2758 1400 2797 cesso
1432 2753 1473 2796 di
1508 2753 1652 2796 vivere
1681 2763 1803 2805 sopra

345 2822 403 2848 un
434 2808 591 2853 infame
615 2810 828 2868 patibolo‚
851 2828 874 2855 e
896 2815 996 2869 pero
1018 2810 1048 2853 il
1073 2814 1179 2855 Rosa
1202 2812 1311 2856 nella
1333 2813 1496 2858 Satira
1527 2810 1579 2856 V.
1612 2811 1740 2855 disse:

464 2926 509 2971 Il
528 2929 713 2973 Franco
739 2945 920 2988 appena
946 2932 1113 2988 parla,
1143 2949 1167 2976 e
1200 2932 1265 2974 dez
1299 2934 1372 2975 nel
1403 2931 1521 2987 boja.
