<?xml version="1.0" encoding="UTF-8"?>
<!DOCTYPE html PUBLIC "-//W3C//DTD XHTML 1.0 Transitional//EN"
    "http://www.w3.org/TR/xhtml1/DTD/xhtml1-transitional.dtd">
<html xmlns="http://www.w3.org/1999/xhtml" xml:lang="en" lang="en">
 <head>
  <title>
</title>
<meta http-equiv="Content-Type" content="text/html;charset=utf-8" />
  <meta name='ocr-system' content='tesseract 3.04.00' />
  <meta name='ocr-capabilities' content='ocr_page ocr_carea ocr_par ocr_line ocrx_word'/>
</head>
<body>
  <div class='ocr_page' id='page_1' title='image "./dellasolenneinco00firm_0125.png"; bbox 0 0 2441 3841; ppageno 0'>
   <div class='ocr_carea' id='block_1_1' title="bbox 337 480 1857 2589">
    <p class='ocr_par' dir='ltr' id='par_1_1' title="bbox 337 480 1857 2589">
     <span class='ocr_line' id='line_1_1' title="bbox 1672 480 1744 530; baseline 0.083 -6"><span class='ocrx_word' id='word_1_1' title='bbox 1672 480 1744 530; x_wconf 69' lang='lat'>49</span> 
     </span>
     <span class='ocr_line' id='line_1_2' title="bbox 369 552 1830 655; baseline 0 -60"><span class='ocrx_word' id='word_1_2' title='bbox 369 553 533 595; x_wconf 64' lang='lat' dir='ltr'>vissirna</span> <span class='ocrx_word' id='word_1_3' title='bbox 552 563 710 594; x_wconf 79' lang='lat' dir='ltr'>nostrae</span> <span class='ocrx_word' id='word_1_4' title='bbox 721 553 954 655; x_wconf 37' lang='lat' dir='ltr'>Caesae,</span> <span class='ocrx_word' id='word_1_5' title='bbox 977 566 1022 592; x_wconf 84' lang='lat' dir='ltr'>ac</span> <span class='ocrx_word' id='word_1_6' title='bbox 1039 565 1323 595; x_wconf 87' lang='lat' dir='ltr'>successorum</span> <span class='ocrx_word' id='word_1_7' title='bbox 1346 564 1580 595; x_wconf 83' lang='lat' dir='ltr'>nostrorum</span> <span class='ocrx_word' id='word_1_8' title='bbox 1599 584 1613 606; x_wconf 82' lang='lat'><strong><em>‚</em></strong></span> <span class='ocrx_word' id='word_1_9' title='bbox 1631 552 1830 609; x_wconf 80' lang='lat' dir='ltr'>Sacrique</span> 
     </span>
     <span class='ocr_line' id='line_1_3' title="bbox 368 612 1832 669; baseline 0.001 -16"><span class='ocrx_word' id='word_1_10' title='bbox 368 613 552 657; x_wconf 81' lang='lat' dir='ltr'>Romani</span> <span class='ocrx_word' id='word_1_11' title='bbox 567 615 736 669; x_wconf 79' lang='lat' dir='ltr'>imperii</span> <span class='ocrx_word' id='word_1_12' title='bbox 758 613 860 654; x_wconf 78' lang='lat' dir='ltr'>auth</span> <span class='ocrx_word' id='word_1_13' title='bbox 912 612 1226 666; x_wconf 68' lang='lat' dir='ltr'>’tatis-,jurium,</span> <span class='ocrx_word' id='word_1_14' title='bbox 1245 624 1285 656; x_wconf 89' lang='lat' dir='ltr'>et</span> <span class='ocrx_word' id='word_1_15' title='bbox 1306 614 1632 669; x_wconf 83' lang='lat' dir='ltr'>praeminentiae</span> <span class='ocrx_word' id='word_1_16' title='bbox 1648 614 1832 654; x_wconf 78' lang='lat' dir='ltr'>diminu-</span> 
     </span>
     <span class='ocr_line' id='line_1_4' title="bbox 371 672 1832 730; baseline 0 -17"><span class='ocrx_word' id='word_1_17' title='bbox 371 675 502 724; x_wconf 82' lang='lat' dir='ltr'>tione,</span> <span class='ocrx_word' id='word_1_18' title='bbox 517 672 631 715; x_wconf 84' lang='lat' dir='ltr'>nulla</span> <span class='ocrx_word' id='word_1_19' title='bbox 650 674 824 715; x_wconf 92' lang='lat' dir='ltr'>omnino</span> <span class='ocrx_word' id='word_1_20' title='bbox 842 673 947 715; x_wconf 84' lang='lat' dir='ltr'>ferre</span> <span class='ocrx_word' id='word_1_21' title='bbox 970 688 1199 730; x_wconf 82' lang='lat' dir='ltr'>queamus,</span> <span class='ocrx_word' id='word_1_22' title='bbox 1219 673 1508 730; x_wconf 82' lang='lat' dir='ltr'>praedictoSS.</span> <span class='ocrx_word' id='word_1_23' title='bbox 1521 673 1708 715; x_wconf 85' lang='lat' dir='ltr'>Domino</span> <span class='ocrx_word' id='word_1_24' title='bbox 1723 673 1832 713; x_wconf 90' lang='lat' dir='ltr'>Pon-</span> 
     </span>
     <span class='ocr_line' id='line_1_5' title="bbox 374 733 1833 790; baseline -0.001 -17"><span class='ocrx_word' id='word_1_25' title='bbox 374 734 477 774; x_wconf 83' lang='lat' dir='ltr'>tilici</span> <span class='ocrx_word' id='word_1_26' title='bbox 501 734 606 775; x_wconf 86' lang='lat' dir='ltr'>hanc</span> <span class='ocrx_word' id='word_1_27' title='bbox 627 745 808 775; x_wconf 84' lang='lat' dir='ltr'>nostram</span> <span class='ocrx_word' id='word_1_28' title='bbox 831 743 1016 775; x_wconf 79' lang='lat' dir='ltr'><strong>mentem</strong></span> <span class='ocrx_word' id='word_1_29' title='bbox 1032 764 1043 784; x_wconf 89' lang='lat'>,</span> <span class='ocrx_word' id='word_1_30' title='bbox 1067 733 1265 789; x_wconf 79' lang='lat' dir='ltr'>Sacrique</span> <span class='ocrx_word' id='word_1_31' title='bbox 1294 733 1398 776; x_wconf 83' lang='lat' dir='ltr'>adeo</span> <span class='ocrx_word' id='word_1_32' title='bbox 1424 733 1592 790; x_wconf 82' lang='lat' dir='ltr'>Imperii</span> <span class='ocrx_word' id='word_1_33' title='bbox 1617 734 1833 788; x_wconf 71' lang='lat' dir='ltr'>necessita-</span> 
     </span>
     <span class='ocr_line' id='line_1_6' title="bbox 376 790 1834 849; baseline 0 -15"><span class='ocrx_word' id='word_1_34' title='bbox 376 804 462 835; x_wconf 85' lang='lat' dir='ltr'>tem</span> <span class='ocrx_word' id='word_1_35' title='bbox 489 804 722 835; x_wconf 86' lang='lat' dir='ltr'>memorato</span> <span class='ocrx_word' id='word_1_36' title='bbox 749 792 915 849; x_wconf 83' lang='lat' dir='ltr'>Scripto</span> <span class='ocrx_word' id='word_1_37' title='bbox 934 792 1067 833; x_wconf 85' lang='lat' dir='ltr'>fusius</span> <span class='ocrx_word' id='word_1_38' title='bbox 1088 790 1415 844; x_wconf 76' lang='lat' dir='ltr'>declaravimu53</span> <span class='ocrx_word' id='word_1_39' title='bbox 1445 793 1645 835; x_wconf 83' lang='lat' dir='ltr'>eumdem</span> <span class='ocrx_word' id='word_1_40' title='bbox 1679 793 1834 834; x_wconf 83' lang='lat' dir='ltr'>obnixe</span> 
     </span>
     <span class='ocr_line' id='line_1_7' title="bbox 374 851 1835 909; baseline -0.001 -15"><span class='ocrx_word' id='word_1_41' title='bbox 374 865 588 908; x_wconf 74' lang='lat' dir='ltr'>rogantes,</span> <span class='ocrx_word' id='word_1_42' title='bbox 607 865 735 909; x_wconf 86' lang='lat' dir='ltr'>atque</span> <span class='ocrx_word' id='word_1_43' title='bbox 754 862 989 900; x_wconf 88' lang='lat' dir='ltr'>monentes,</span> <span class='ocrx_word' id='word_1_44' title='bbox 1012 862 1060 892; x_wconf 89' lang='lat' dir='ltr'>ut</span> <span class='ocrx_word' id='word_1_45' title='bbox 1078 851 1188 891; x_wconf 86' lang='lat' dir='ltr'>hac</span> <span class='ocrx_word' id='word_1_46' title='bbox 1179 866 1222 891; x_wconf 86' lang='lat' dir='ltr'>m</span> <span class='ocrx_word' id='word_1_47' title='bbox 1241 867 1284 892; x_wconf 91' lang='lat' dir='ltr'>re</span> <span class='ocrx_word' id='word_1_48' title='bbox 1303 851 1400 892; x_wconf 85' lang='lat' dir='ltr'>talia</span> <span class='ocrx_word' id='word_1_49' title='bbox 1420 852 1739 905; x_wconf 85' lang='lat' dir='ltr'>convenientia,</span> <span class='ocrx_word' id='word_1_50' title='bbox 1759 866 1835 908; x_wconf 89' lang='lat' dir='ltr'>op·</span> 
     </span>
     <span class='ocr_line' id='line_1_8' title="bbox 373 910 1835 968; baseline -0.002 -14"><span class='ocrx_word' id='word_1_51' title='bbox 373 925 577 968; x_wconf 71' lang='lat' dir='ltr'>poituna,</span> <span class='ocrx_word' id='word_1_52' title='bbox 597 925 639 955; x_wconf 91' lang='lat' dir='ltr'>et</span> <span class='ocrx_word' id='word_1_53' title='bbox 658 910 841 953; x_wconf 71' lang='lat' dir='ltr'>efficacia</span> <span class='ocrx_word' id='word_1_54' title='bbox 861 911 1043 953; x_wconf 85' lang='lat' dir='ltr'>remedia</span> <span class='ocrx_word' id='word_1_55' title='bbox 1064 910 1284 965; x_wconf 85' lang='lat' dir='ltr'>providere</span> <span class='ocrx_word' id='word_1_56' title='bbox 1310 910 1434 962; x_wconf 88' lang='lat' dir='ltr'>velit,</span> <span class='ocrx_word' id='word_1_57' title='bbox 1457 927 1544 968; x_wconf 90' lang='lat' dir='ltr'>quo</span> <span class='ocrx_word' id='word_1_58' title='bbox 1563 910 1727 953; x_wconf 85' lang='lat' dir='ltr'>sublato</span> <span class='ocrx_word' id='word_1_59' title='bbox 1746 926 1835 965; x_wconf 75' lang='lat' dir='ltr'>gra-</span> 
     </span>
     <span class='ocr_line' id='line_1_9' title="bbox 374 969 1835 1026; baseline -0.002 -12"><span class='ocrx_word' id='word_1_60' title='bbox 374 972 415 1014; x_wconf 78' lang='lat' dir='ltr'>vi</span> <span class='ocrx_word' id='word_1_61' title='bbox 437 973 539 1024; x_wconf 87' lang='lat' dir='ltr'>isto,</span> <span class='ocrx_word' id='word_1_62' title='bbox 557 988 602 1013; x_wconf 86' lang='lat' dir='ltr'>ac</span> <span class='ocrx_word' id='word_1_63' title='bbox 619 970 873 1012; x_wconf 78' lang='lat' dir='ltr'>intolerabili</span> <span class='ocrx_word' id='word_1_64' title='bbox 896 970 1151 1026; x_wconf 70' lang='lat' dir='ltr'>praejuditio</span> <span class='ocrx_word' id='word_1_65' title='bbox 1171 969 1314 1019; x_wconf 87' lang='lat' dir='ltr'>nobis,</span> <span class='ocrx_word' id='word_1_66' title='bbox 1331 986 1376 1011; x_wconf 85' lang='lat' dir='ltr'>ac</span> <span class='ocrx_word' id='word_1_67' title='bbox 1394 969 1518 1012; x_wconf 82' lang='lat' dir='ltr'>Sacro</span> <span class='ocrx_word' id='word_1_68' title='bbox 1544 971 1729 1026; x_wconf 80' lang='lat' dir='ltr'>imperio</span> <span class='ocrx_word' id='word_1_69' title='bbox 1761 986 1835 1011; x_wconf 89' lang='lat' dir='ltr'>no-</span> 
     </span>
     <span class='ocr_line' id='line_1_10' title="bbox 374 1028 1836 1086; baseline 0 -15"><span class='ocrx_word' id='word_1_70' title='bbox 374 1041 452 1071; x_wconf 86' lang='lat' dir='ltr'>stra</span> <span class='ocrx_word' id='word_1_71' title='bbox 475 1031 707 1072; x_wconf 81' lang='lat' dir='ltr'>authoritas</span> <span class='ocrx_word' id='word_1_72' title='bbox 719 1031 1100 1086; x_wconf 75' lang='lat' dir='ltr'>,praeeminentia,</span> <span class='ocrx_word' id='word_1_73' title='bbox 1115 1029 1315 1084; x_wconf 81' lang='lat' dir='ltr'>dignitas,</span> <span class='ocrx_word' id='word_1_74' title='bbox 1330 1041 1371 1072; x_wconf 86' lang='lat' dir='ltr'>et</span> <span class='ocrx_word' id='word_1_75' title='bbox 1390 1031 1601 1072; x_wconf 82' lang='lat' dir='ltr'>iurisditio</span> <span class='ocrx_word' id='word_1_76' title='bbox 1620 1028 1754 1083; x_wconf 78' lang='lat' dir='ltr'>salva,</span> <span class='ocrx_word' id='word_1_77' title='bbox 1773 1031 1836 1071; x_wconf 86' lang='lat' dir='ltr'>in-</span> 
     </span>
     <span class='ocr_line' id='line_1_11' title="bbox 377 1088 1837 1148; baseline 0.001 -18"><span class='ocrx_word' id='word_1_78' title='bbox 377 1101 489 1145; x_wconf 81' lang='lat' dir='ltr'>tegra</span> <span class='ocrx_word' id='word_1_79' title='bbox 507 1124 515 1138; x_wconf 87' lang='lat'>,</span> <span class='ocrx_word' id='word_1_80' title='bbox 537 1101 578 1133; x_wconf 93' lang='lat' dir='ltr'>et</span> <span class='ocrx_word' id='word_1_81' title='bbox 598 1088 738 1133; x_wconf 84' lang='lat' dir='ltr'>illaesa</span> <span class='ocrx_word' id='word_1_82' title='bbox 758 1101 951 1141; x_wconf 84' lang='lat' dir='ltr'>maneat,</span> <span class='ocrx_word' id='word_1_83' title='bbox 973 1090 1229 1131; x_wconf 84' lang='lat' dir='ltr'>retractanda</span> <span class='ocrx_word' id='word_1_84' title='bbox 1252 1088 1409 1132; x_wconf 88' lang='lat' dir='ltr'>scilicet</span> <span class='ocrx_word' id='word_1_85' title='bbox 1431 1107 1476 1133; x_wconf 85' lang='lat' dir='ltr'>ea</span> <span class='ocrx_word' id='word_1_86' title='bbox 1493 1123 1504 1143; x_wconf 83' lang='lat'>,</span> <span class='ocrx_word' id='word_1_87' title='bbox 1523 1105 1631 1148; x_wconf 85' lang='lat' dir='ltr'>quae</span> <span class='ocrx_word' id='word_1_88' title='bbox 1653 1091 1709 1131; x_wconf 89' lang='lat' dir='ltr'>sic</span> <span class='ocrx_word' id='word_1_89' title='bbox 1741 1106 1786 1131; x_wconf 88' lang='lat' dir='ltr'>ac</span> <span class='ocrx_word' id='word_1_90' title='bbox 1813 1105 1837 1131; x_wconf 87' lang='lat' dir='ltr'>a</span> 
     </span>
     <span class='ocr_line' id='line_1_12' title="bbox 375 1148 1838 1207; baseline 0.001 -17"><span class='ocrx_word' id='word_1_91' title='bbox 375 1149 606 1193; x_wconf 80' lang='lat' dir='ltr'>Sanctitate</span> <span class='ocrx_word' id='word_1_92' title='bbox 627 1150 711 1192; x_wconf 82' lang='lat' dir='ltr'>Sua</span> <span class='ocrx_word' id='word_1_93' title='bbox 736 1148 962 1206; x_wconf 83' lang='lat' dir='ltr'>illegitimo</span> <span class='ocrx_word' id='word_1_94' title='bbox 983 1151 1113 1192; x_wconf 87' lang='lat' dir='ltr'>modo</span> <span class='ocrx_word' id='word_1_95' title='bbox 1131 1149 1324 1192; x_wconf 86' lang='lat' dir='ltr'>instituta</span> <span class='ocrx_word' id='word_1_96' title='bbox 1345 1152 1439 1194; x_wconf 89' lang='lat' dir='ltr'>sint.</span> <span class='ocrx_word' id='word_1_97' title='bbox 1465 1152 1519 1192; x_wconf 86' lang='lat' dir='ltr'>Et</span> <span class='ocrx_word' id='word_1_98' title='bbox 1544 1152 1643 1207; x_wconf 84' lang='lat' dir='ltr'>quia</span> <span class='ocrx_word' id='word_1_99' title='bbox 1664 1148 1838 1192; x_wconf 86' lang='lat' dir='ltr'>dilectio</span> 
     </span>
     <span class='ocr_line' id='line_1_13' title="bbox 337 1208 1840 1267; baseline -0.001 -14"><span class='ocrx_word' id='word_1_100' title='bbox 337 1250 339 1253; x_wconf 85' lang='lat'>.</span> <span class='ocrx_word' id='word_1_101' title='bbox 375 1220 449 1251; x_wconf 83' lang='lat' dir='ltr'>tua</span> <span class='ocrx_word' id='word_1_102' title='bbox 469 1227 522 1252; x_wconf 83' lang='lat' dir='ltr'>ex</span> <span class='ocrx_word' id='word_1_103' title='bbox 542 1211 592 1252; x_wconf 88' lang='lat' dir='ltr'>iis</span> <span class='ocrx_word' id='word_1_104' title='bbox 612 1210 809 1252; x_wconf 90' lang='lat' dir='ltr'>omnibus</span> <span class='ocrx_word' id='word_1_105' title='bbox 827 1211 923 1253; x_wconf 86' lang='lat' dir='ltr'>satis</span> <span class='ocrx_word' id='word_1_106' title='bbox 945 1208 1144 1264; x_wconf 84' lang='lat' dir='ltr'>intelligit</span> <span class='ocrx_word' id='word_1_107' title='bbox 1167 1209 1211 1251; x_wconf 88' lang='lat' dir='ltr'>id</span> <span class='ocrx_word' id='word_1_108' title='bbox 1227 1241 1239 1263; x_wconf 89' lang='lat'><strong>‚</strong></span> <span class='ocrx_word' id='word_1_109' title='bbox 1261 1211 1378 1267; x_wconf 87' lang='lat' dir='ltr'>quod</span> <span class='ocrx_word' id='word_1_110' title='bbox 1412 1210 1683 1254; x_wconf 88' lang='lat' dir='ltr'>dilectionem</span> <span class='ocrx_word' id='word_1_111' title='bbox 1719 1221 1840 1252; x_wconf 85' lang='lat' dir='ltr'>tuam.</span> 
     </span>
     <span class='ocr_line' id='line_1_14' title="bbox 375 1268 1841 1327; baseline 0.002 -17"><span class='ocrx_word' id='word_1_112' title='bbox 375 1270 478 1311; x_wconf 88' lang='lat' dir='ltr'>scire</span> <span class='ocrx_word' id='word_1_113' title='bbox 495 1286 650 1327; x_wconf 86' lang='lat' dir='ltr'>cupere</span> <span class='ocrx_word' id='word_1_114' title='bbox 670 1271 860 1326; x_wconf 83' lang='lat' dir='ltr'>ejusdem</span> <span class='ocrx_word' id='word_1_115' title='bbox 879 1271 1030 1312; x_wconf 81' lang='lat' dir='ltr'>Orator</span> <span class='ocrx_word' id='word_1_116' title='bbox 1059 1269 1288 1326; x_wconf 82' lang='lat' dir='ltr'>aliquoties</span> <span class='ocrx_word' id='word_1_117' title='bbox 1321 1272 1439 1313; x_wconf 88' lang='lat' dir='ltr'>nobis</span> <span class='ocrx_word' id='word_1_118' title='bbox 1472 1270 1617 1313; x_wconf 88' lang='lat' dir='ltr'>retulit</span> <span class='ocrx_word' id='word_1_119' title='bbox 1654 1270 1705 1311; x_wconf 86' lang='lat' dir='ltr'>de</span> <span class='ocrx_word' id='word_1_120' title='bbox 1734 1268 1841 1313; x_wconf 85' lang='lat' dir='ltr'>dile-</span> 
     </span>
     <span class='ocr_line' id='line_1_15' title="bbox 376 1328 1841 1387; baseline 0.002 -18"><span class='ocrx_word' id='word_1_121' title='bbox 376 1331 519 1374; x_wconf 81' lang='lat' dir='ltr'>ctione</span> <span class='ocrx_word' id='word_1_122' title='bbox 541 1342 613 1371; x_wconf 79' lang='lat' dir='ltr'>tua</span> <span class='ocrx_word' id='word_1_123' title='bbox 630 1363 644 1382; x_wconf 89' lang='lat'>,</span> <span class='ocrx_word' id='word_1_124' title='bbox 666 1333 723 1372; x_wconf 89' lang='lat' dir='ltr'>sic</span> <span class='ocrx_word' id='word_1_125' title='bbox 742 1331 859 1372; x_wconf 91' lang='lat' dir='ltr'>nobis</span> <span class='ocrx_word' id='word_1_126' title='bbox 880 1329 1000 1387; x_wconf 82' lang='lat' dir='ltr'>plane</span> <span class='ocrx_word' id='word_1_127' title='bbox 1036 1328 1315 1386; x_wconf 75' lang='lat' dir='ltr'>pollicemur,</span> <span class='ocrx_word' id='word_1_128' title='bbox 1351 1330 1621 1374; x_wconf 84' lang='lat' dir='ltr'>dilectionem</span> <span class='ocrx_word' id='word_1_129' title='bbox 1657 1341 1775 1371; x_wconf 84' lang='lat' dir='ltr'>tuam</span> <span class='ocrx_word' id='word_1_130' title='bbox 1805 1332 1841 1372; x_wconf 92' lang='lat' dir='ltr'>si</span> 
     </span>
     <span class='ocr_line' id='line_1_16' title="bbox 376 1390 1843 1448; baseline 0.001 -18"><span class='ocrx_word' id='word_1_131' title='bbox 376 1390 480 1432; x_wconf 87' lang='lat' dir='ltr'>huic</span> <span class='ocrx_word' id='word_1_132' title='bbox 499 1391 628 1432; x_wconf 88' lang='lat' dir='ltr'>animi</span> <span class='ocrx_word' id='word_1_133' title='bbox 651 1392 778 1433; x_wconf 85' lang='lat' dir='ltr'>nostri</span> <span class='ocrx_word' id='word_1_134' title='bbox 801 1391 1097 1443; x_wconf 79' lang='lat' dir='ltr'>declarationi,</span> <span class='ocrx_word' id='word_1_135' title='bbox 1119 1401 1165 1432; x_wconf 92' lang='lat' dir='ltr'>ut</span> <span class='ocrx_word' id='word_1_136' title='bbox 1184 1406 1293 1446; x_wconf 85' lang='lat' dir='ltr'>quae</span> <span class='ocrx_word' id='word_1_137' title='bbox 1317 1393 1404 1448; x_wconf 83' lang='lat' dir='ltr'>ipsa</span> <span class='ocrx_word' id='word_1_138' title='bbox 1425 1392 1636 1448; x_wconf 87' lang='lat' dir='ltr'>aequitate</span> <span class='ocrx_word' id='word_1_139' title='bbox 1659 1390 1811 1432; x_wconf 85' lang='lat' dir='ltr'>nititur</span> <span class='ocrx_word' id='word_1_140' title='bbox 1833 1425 1843 1439; x_wconf 92' lang='lat'>,</span> 
     </span>
     <span class='ocr_line' id='line_1_17' title="bbox 378 1448 1841 1503; baseline 0.001 -13"><span class='ocrx_word' id='word_1_141' title='bbox 378 1452 745 1493; x_wconf 87' lang='lat' dir='ltr'>accomodaturam</span> <span class='ocrx_word' id='word_1_142' title='bbox 758 1484 772 1503; x_wconf 87' lang='lat'>,</span> <span class='ocrx_word' id='word_1_143' title='bbox 792 1465 839 1492; x_wconf 88' lang='lat' dir='ltr'>ac</span> <span class='ocrx_word' id='word_1_144' title='bbox 855 1467 939 1492; x_wconf 89' lang='lat' dir='ltr'>non</span> <span class='ocrx_word' id='word_1_145' title='bbox 953 1448 1091 1492; x_wconf 90' lang='lat' dir='ltr'>solum</span> <span class='ocrx_word' id='word_1_146' title='bbox 1109 1451 1349 1493; x_wconf 87' lang='lat' dir='ltr'>Sanctitatis</span> <span class='ocrx_word' id='word_1_147' title='bbox 1367 1451 1476 1493; x_wconf 88' lang='lat' dir='ltr'>Suae</span> <span class='ocrx_word' id='word_1_148' title='bbox 1497 1451 1777 1493; x_wconf 79' lang='lat' dir='ltr'>retractationi</span> <span class='ocrx_word' id='word_1_149' title='bbox 1797 1468 1841 1495; x_wconf 91' lang='lat' dir='ltr'>se</span> 
     </span>
     <span class='ocr_line' id='line_1_18' title="bbox 379 1508 1843 1564; baseline 0.001 -13"><span class='ocrx_word' id='word_1_150' title='bbox 379 1508 500 1553; x_wconf 86' lang='lat' dir='ltr'>sacile</span> <span class='ocrx_word' id='word_1_151' title='bbox 518 1512 840 1564; x_wconf 82' lang='lat' dir='ltr'>submissuram,</span> <span class='ocrx_word' id='word_1_152' title='bbox 863 1526 1013 1554; x_wconf 87' lang='lat' dir='ltr'>verum</span> <span class='ocrx_word' id='word_1_153' title='bbox 1035 1511 1162 1552; x_wconf 86' lang='lat' dir='ltr'>etiam</span> <span class='ocrx_word' id='word_1_154' title='bbox 1177 1543 1189 1564; x_wconf 89' lang='lat'>,</span> <span class='ocrx_word' id='word_1_155' title='bbox 1210 1512 1283 1553; x_wconf 87' lang='lat' dir='ltr'>ubi</span> <span class='ocrx_word' id='word_1_156' title='bbox 1312 1511 1419 1554; x_wconf 87' lang='lat' dir='ltr'>forte</span> <span class='ocrx_word' id='word_1_157' title='bbox 1450 1510 1653 1553; x_wconf 83' lang='lat' dir='ltr'>Sanctitas</span> <span class='ocrx_word' id='word_1_158' title='bbox 1678 1510 1763 1552; x_wconf 84' lang='lat' dir='ltr'>Sua</span> <span class='ocrx_word' id='word_1_159' title='bbox 1797 1512 1843 1552; x_wconf 92' lang='lat' dir='ltr'>in</span> 
     </span>
     <span class='ocr_line' id='line_1_19' title="bbox 381 1569 1846 1625; baseline 0.001 -13"><span class='ocrx_word' id='word_1_160' title='bbox 381 1585 431 1612; x_wconf 91' lang='lat' dir='ltr'>eo</span> <span class='ocrx_word' id='word_1_161' title='bbox 451 1587 492 1612; x_wconf 88' lang='lat' dir='ltr'>se</span> <span class='ocrx_word' id='word_1_162' title='bbox 510 1570 788 1614; x_wconf 84' lang='lat' dir='ltr'>difficiliorem</span> <span class='ocrx_word' id='word_1_163' title='bbox 806 1571 1003 1614; x_wconf 75' lang='lat' dir='ltr'>exhibere</span> <span class='ocrx_word' id='word_1_164' title='bbox 1023 1569 1141 1625; x_wconf 81' lang='lat' dir='ltr'>velit,</span> <span class='ocrx_word' id='word_1_165' title='bbox 1160 1571 1300 1614; x_wconf 89' lang='lat' dir='ltr'>eidem</span> <span class='ocrx_word' id='word_1_166' title='bbox 1317 1570 1534 1613; x_wconf 86' lang='lat' dir='ltr'>Sanctitati</span> <span class='ocrx_word' id='word_1_167' title='bbox 1547 1570 1656 1613; x_wconf 90' lang='lat' dir='ltr'>Suae</span> <span class='ocrx_word' id='word_1_168' title='bbox 1671 1602 1683 1625; x_wconf 88' lang='lat'>,</span> <span class='ocrx_word' id='word_1_169' title='bbox 1705 1582 1752 1612; x_wconf 93' lang='lat' dir='ltr'>ut</span> <span class='ocrx_word' id='word_1_170' title='bbox 1768 1586 1846 1613; x_wconf 90' lang='lat' dir='ltr'>no-</span> 
     </span>
     <span class='ocr_line' id='line_1_20' title="bbox 379 1629 1843 1687; baseline 0.001 -16"><span class='ocrx_word' id='word_1_171' title='bbox 379 1631 472 1671; x_wconf 81' lang='lat' dir='ltr'>stris</span> <span class='ocrx_word' id='word_1_172' title='bbox 492 1632 662 1672; x_wconf 85' lang='lat' dir='ltr'>monitis</span> <span class='ocrx_word' id='word_1_173' title='bbox 680 1629 822 1672; x_wconf 89' lang='lat' dir='ltr'>locum</span> <span class='ocrx_word' id='word_1_174' title='bbox 843 1630 965 1672; x_wconf 82' lang='lat' dir='ltr'>faciat</span> <span class='ocrx_word' id='word_1_175' title='bbox 983 1662 995 1682; x_wconf 94' lang='lat'>,</span> <span class='ocrx_word' id='word_1_176' title='bbox 1019 1646 1230 1674; x_wconf 85' lang='lat' dir='ltr'>suasorem</span> <span class='ocrx_word' id='word_1_177' title='bbox 1260 1630 1369 1681; x_wconf 87' lang='lat' dir='ltr'>fore,</span> <span class='ocrx_word' id='word_1_178' title='bbox 1401 1630 1470 1674; x_wconf 88' lang='lat' dir='ltr'>vel</span> <span class='ocrx_word' id='word_1_179' title='bbox 1501 1629 1649 1673; x_wconf 85' lang='lat' dir='ltr'>saltem</span> <span class='ocrx_word' id='word_1_180' title='bbox 1680 1632 1815 1687; x_wconf 87' lang='lat' dir='ltr'>ipsam</span> <span class='ocrx_word' id='word_1_181' title='bbox 1833 1663 1843 1680; x_wconf 85' lang='lat'>‚</span> 
     </span>
     <span class='ocr_line' id='line_1_21' title="bbox 381 1688 1847 1747; baseline 0.001 -16"><span class='ocrx_word' id='word_1_182' title='bbox 381 1700 422 1731; x_wconf 83' lang='lat' dir='ltr'>et</span> <span class='ocrx_word' id='word_1_183' title='bbox 443 1690 713 1733; x_wconf 85' lang='lat' dir='ltr'>dilectionem</span> <span class='ocrx_word' id='word_1_184' title='bbox 733 1703 851 1731; x_wconf 86' lang='lat' dir='ltr'>tuam</span> <span class='ocrx_word' id='word_1_185' title='bbox 873 1706 984 1731; x_wconf 86' lang='lat' dir='ltr'>novo</span> <span class='ocrx_word' id='word_1_186' title='bbox 1007 1689 1080 1731; x_wconf 90' lang='lat' dir='ltr'>illo</span> <span class='ocrx_word' id='word_1_187' title='bbox 1102 1693 1306 1747; x_wconf 84' lang='lat' dir='ltr'>praetensi</span> <span class='ocrx_word' id='word_1_188' title='bbox 1329 1693 1471 1746; x_wconf 82' lang='lat' dir='ltr'>Magni</span> <span class='ocrx_word' id='word_1_189' title='bbox 1491 1691 1682 1733; x_wconf 86' lang='lat' dir='ltr'>Ducatus</span> <span class='ocrx_word' id='word_1_190' title='bbox 1702 1688 1847 1740; x_wconf 89' lang='lat' dir='ltr'>titulo,</span> 
     </span>
     <span class='ocr_line' id='line_1_22' title="bbox 381 1749 1847 1806; baseline 0.001 -15"><span class='ocrx_word' id='word_1_191' title='bbox 381 1761 423 1791; x_wconf 86' lang='lat' dir='ltr'>ct</span> <span class='ocrx_word' id='word_1_192' title='bbox 446 1754 616 1792; x_wconf 86' lang='lat' dir='ltr'>nomine</span> <span class='ocrx_word' id='word_1_193' title='bbox 631 1781 643 1801; x_wconf 84' lang='lat'>,</span> <span class='ocrx_word' id='word_1_194' title='bbox 661 1765 857 1806; x_wconf 84' lang='lat' dir='ltr'>quaeque</span> <span class='ocrx_word' id='word_1_195' title='bbox 876 1761 1085 1805; x_wconf 80' lang='lat' dir='ltr'>praeterea</span> <span class='ocrx_word' id='word_1_196' title='bbox 1110 1751 1249 1792; x_wconf 86' lang='lat' dir='ltr'>eidem</span> <span class='ocrx_word' id='word_1_197' title='bbox 1269 1750 1495 1794; x_wconf 84' lang='lat' dir='ltr'>adhaerent</span> <span class='ocrx_word' id='word_1_198' title='bbox 1523 1767 1565 1792; x_wconf 88' lang='lat' dir='ltr'>se</span> <span class='ocrx_word' id='word_1_199' title='bbox 1584 1749 1698 1791; x_wconf 92' lang='lat' dir='ltr'>ultro</span> <span class='ocrx_word' id='word_1_200' title='bbox 1728 1766 1847 1806; x_wconf 88' lang='lat' dir='ltr'>pror-</span> 
     </span>
     <span class='ocr_line' id='line_1_23' title="bbox 380 1809 1850 1866; baseline 0.001 -16"><span class='ocrx_word' id='word_1_201' title='bbox 380 1824 447 1850; x_wconf 89' lang='lat' dir='ltr'>sus</span> <span class='ocrx_word' id='word_1_202' title='bbox 467 1809 753 1850; x_wconf 66' lang='lat' dir='ltr'>abdicatur-am</span> <span class='ocrx_word' id='word_1_203' title='bbox 779 1825 863 1852; x_wconf 86' lang='lat' dir='ltr'>esse</span> <span class='ocrx_word' id='word_1_204' title='bbox 877 1841 889 1862; x_wconf 84' lang='lat'>,</span> <span class='ocrx_word' id='word_1_205' title='bbox 906 1823 994 1863; x_wconf 89' lang='lat' dir='ltr'>quo</span> <span class='ocrx_word' id='word_1_206' title='bbox 1011 1810 1068 1850; x_wconf 91' lang='lat' dir='ltr'>sic</span> <span class='ocrx_word' id='word_1_207' title='bbox 1087 1810 1256 1864; x_wconf 65' lang='lat' dir='ltr'>negotio</span> <span class='ocrx_word' id='word_1_208' title='bbox 1280 1810 1359 1851; x_wconf 88' lang='lat' dir='ltr'>isto</span> <span class='ocrx_word' id='word_1_209' title='bbox 1380 1810 1420 1850; x_wconf 90' lang='lat' dir='ltr'>in</span> <span class='ocrx_word' id='word_1_210' title='bbox 1443 1810 1668 1866; x_wconf 86' lang='lat' dir='ltr'>pristinum</span> <span class='ocrx_word' id='word_1_211' title='bbox 1688 1821 1850 1852; x_wconf 86' lang='lat' dir='ltr'>statum.</span> 
     </span>
     <span class='ocr_line' id='line_1_24' title="bbox 380 1867 1848 1923; baseline 0.001 -12"><span class='ocrx_word' id='word_1_212' title='bbox 380 1871 576 1911; x_wconf 87' lang='lat' dir='ltr'>restituto</span> <span class='ocrx_word' id='word_1_213' title='bbox 588 1904 599 1922; x_wconf 87' lang='lat'>,</span> <span class='ocrx_word' id='word_1_214' title='bbox 613 1868 873 1913; x_wconf 81' lang='lat' dir='ltr'>diversarum</span> <span class='ocrx_word' id='word_1_215' title='bbox 892 1867 1535 1923; x_wconf 82' lang='lat' dir='ltr'>dissensionum,scandalorum,</span> <span class='ocrx_word' id='word_1_216' title='bbox 1552 1881 1595 1912; x_wconf 88' lang='lat' dir='ltr'>et</span> <span class='ocrx_word' id='word_1_217' title='bbox 1613 1869 1848 1923; x_wconf 87' lang='lat' dir='ltr'>turbarum,</span> 
     </span>
     <span class='ocr_line' id='line_1_25' title="bbox 381 1929 1852 1997; baseline 0.002 -27"><span class='ocrx_word' id='word_1_218' title='bbox 381 1944 490 1985; x_wconf 89' lang='lat' dir='ltr'>quae</span> <span class='ocrx_word' id='word_1_219' title='bbox 513 1929 591 1971; x_wconf 87' lang='lat' dir='ltr'>hac</span> <span class='ocrx_word' id='word_1_220' title='bbox 611 1945 663 1971; x_wconf 81' lang='lat' dir='ltr'>ex</span> <span class='ocrx_word' id='word_1_221' title='bbox 680 1945 723 1972; x_wconf 88' lang='lat' dir='ltr'>re</span> <span class='ocrx_word' id='word_1_222' title='bbox 742 1929 862 1972; x_wconf 85' lang='lat' dir='ltr'>facile</span> <span class='ocrx_word' id='word_1_223' title='bbox 885 1929 982 1971; x_wconf 83' lang='lat' dir='ltr'>oriri</span> <span class='ocrx_word' id='word_1_224' title='bbox 1007 1941 1186 1985; x_wconf 80' lang='lat' dir='ltr'>possent,</span> <span class='ocrx_word' id='word_1_225' title='bbox 1200 1929 1512 1986; x_wconf 83' lang='lat' dir='ltr'>praescindatur</span> <span class='ocrx_word' id='word_1_226' title='bbox 1529 1931 1711 1983; x_wconf 82' lang='lat' dir='ltr'>occasio,</span> <span class='ocrx_word' id='word_1_227' title='bbox 1732 1931 1852 1997; x_wconf 73' lang='lat' dir='ltr'>quod</span> 
     </span>
     <span class='ocr_line' id='line_1_26' title="bbox 384 1988 1852 2044; baseline 0.001 -14"><span class='ocrx_word' id='word_1_228' title='bbox 384 1990 458 2030; x_wconf 88' lang='lat' dir='ltr'>ubi</span> <span class='ocrx_word' id='word_1_229' title='bbox 483 1988 754 2033; x_wconf 85' lang='lat' dir='ltr'>dilectionem</span> <span class='ocrx_word' id='word_1_230' title='bbox 777 2001 898 2032; x_wconf 84' lang='lat' dir='ltr'>tuam</span> <span class='ocrx_word' id='word_1_231' title='bbox 919 1989 1125 2031; x_wconf 86' lang='lat' dir='ltr'>facturam</span> <span class='ocrx_word' id='word_1_232' title='bbox 1160 2006 1244 2032; x_wconf 89' lang='lat' dir='ltr'>esse</span> <span class='ocrx_word' id='word_1_233' title='bbox 1265 1990 1441 2032; x_wconf 89' lang='lat' dir='ltr'>omnino</span> <span class='ocrx_word' id='word_1_234' title='bbox 1477 1990 1759 2044; x_wconf 82' lang='lat' dir='ltr'>confidimus,</span> <span class='ocrx_word' id='word_1_235' title='bbox 1792 2006 1852 2032; x_wconf 70' lang='grc' dir='ltr'>διο</span> 
     </span>
     <span class='ocr_line' id='line_1_27' title="bbox 384 2022 1855 2119; baseline 0.001 -28"><span class='ocrx_word' id='word_1_236' title='bbox 384 2048 602 2092; x_wconf 85' lang='lat' dir='ltr'>dilectioni</span> <span class='ocrx_word' id='word_1_237' title='bbox 622 2060 720 2090; x_wconf 89' lang='lat' dir='ltr'>tuae</span> <span class='ocrx_word' id='word_1_238' title='bbox 740 2062 853 2092; x_wconf 88' lang='lat' dir='ltr'>certo</span> <span class='ocrx_word' id='word_1_239' title='bbox 878 2065 1122 2107; x_wconf 88' lang='lat' dir='ltr'>persuasum</span> <span class='ocrx_word' id='word_1_240' title='bbox 1144 2051 1366 2119; x_wconf 34' lang='lat' dir='ltr'>cupimmus,</span> <span class='ocrx_word' id='word_1_241' title='bbox 1377 2066 1451 2092; x_wconf 89' lang='lat' dir='ltr'>nos</span> <span class='ocrx_word' id='word_1_242' title='bbox 1470 2051 1511 2091; x_wconf 91' lang='lat' dir='ltr'>in</span> <span class='ocrx_word' id='word_1_243' title='bbox 1531 2049 1632 2091; x_wconf 81' lang='lat' dir='ltr'>aliis</span> <span class='ocrx_word' id='word_1_244' title='bbox 1633 2022 1855 2104; x_wconf 82' lang='lat' dir='ltr'>omnibus,</span> 
     </span>
     <span class='ocr_line' id='line_1_28' title="bbox 385 2108 1855 2165; baseline 0.001 -15"><span class='ocrx_word' id='word_1_245' title='bbox 385 2125 494 2164; x_wconf 88' lang='lat' dir='ltr'>quae</span> <span class='ocrx_word' id='word_1_246' title='bbox 526 2110 627 2149; x_wconf 84' lang='lat' dir='ltr'>citra</span> <span class='ocrx_word' id='word_1_247' title='bbox 658 2120 851 2161; x_wconf 85' lang='lat' dir='ltr'>nostrae,</span> <span class='ocrx_word' id='word_1_248' title='bbox 872 2125 918 2150; x_wconf 86' lang='lat' dir='ltr'>ac</span> <span class='ocrx_word' id='word_1_249' title='bbox 942 2108 1054 2151; x_wconf 82' lang='lat' dir='ltr'>Sacri</span> <span class='ocrx_word' id='word_1_250' title='bbox 1088 2110 1294 2165; x_wconf 89' lang='lat' dir='ltr'>Imperii</span> <span class='ocrx_word' id='word_1_251' title='bbox 1286 2110 1470 2165; x_wconf 63' lang='lat' dir='ltr'>utrium,</span> <span class='ocrx_word' id='word_1_252' title='bbox 1507 2121 1549 2152; x_wconf 89' lang='lat' dir='ltr'>et</span> <span class='ocrx_word' id='word_1_253' title='bbox 1585 2110 1855 2151; x_wconf 84' lang='lat' dir='ltr'>authoritatis</span> 
     </span>
     <span class='ocr_line' id='line_1_29' title="bbox 387 2141 1854 2226; baseline 0.001 -16"><span class='ocrx_word' id='word_1_254' title='bbox 387 2168 721 2225; x_wconf 77' lang='lat' dir='ltr'>praejuditium,</span> <span class='ocrx_word' id='word_1_255' title='bbox 745 2181 785 2212; x_wconf 88' lang='lat' dir='ltr'>et</span> <span class='ocrx_word' id='word_1_256' title='bbox 808 2141 1139 2212; x_wconf 87' lang='lat' dir='ltr'>diminutionem</span> <span class='ocrx_word' id='word_1_257' title='bbox 1165 2169 1255 2212; x_wconf 85' lang='lat' dir='ltr'>fieri</span> <span class='ocrx_word' id='word_1_258' title='bbox 1282 2181 1476 2226; x_wconf 90' lang='lat' dir='ltr'>possunt,</span> <span class='ocrx_word' id='word_1_259' title='bbox 1500 2168 1715 2212; x_wconf 87' lang='lat' dir='ltr'>dilectioni</span> <span class='ocrx_word' id='word_1_260' title='bbox 1740 2181 1854 2220; x_wconf 87' lang='lat' dir='ltr'>tuae,</span> 
     </span>
     <span class='ocr_line' id='line_1_30' title="bbox 388 2201 1856 2287; baseline 0.001 -18"><span class='ocrx_word' id='word_1_261' title='bbox 388 2243 434 2269; x_wconf 88' lang='lat' dir='ltr'>ac</span> <span class='ocrx_word' id='word_1_262' title='bbox 458 2229 646 2284; x_wconf 86' lang='lat' dir='ltr'>ejusdem</span> <span class='ocrx_word' id='word_1_263' title='bbox 681 2201 778 2282; x_wconf 81' lang='lat' dir='ltr'>filii,</span> <span class='ocrx_word' id='word_1_264' title='bbox 803 2227 955 2271; x_wconf 82' lang='lat' dir='ltr'>lllustr.</span> <span class='ocrx_word' id='word_1_265' title='bbox 977 2227 1216 2272; x_wconf 86' lang='lat' dir='ltr'>Florentiae</span> <span class='ocrx_word' id='word_1_266' title='bbox 1245 2230 1472 2287; x_wconf 86' lang='lat' dir='ltr'>Principis,</span> <span class='ocrx_word' id='word_1_267' title='bbox 1505 2230 1631 2271; x_wconf 88' lang='lat' dir='ltr'>nostri</span> <span class='ocrx_word' id='word_1_268' title='bbox 1665 2229 1856 2270; x_wconf 70' lang='lat' dir='ltr'>charissi-</span> 
     </span>
     <span class='ocr_line' id='line_1_31' title="bbox 388 2288 1855 2359; baseline 0.001 -30"><span class='ocrx_word' id='word_1_269' title='bbox 388 2289 449 2329; x_wconf 90' lang='lat' dir='ltr'>mi</span> <span class='ocrx_word' id='word_1_270' title='bbox 465 2289 715 2343; x_wconf 84' lang='lat' dir='ltr'>,dignitati,</span> <span class='ocrx_word' id='word_1_271' title='bbox 745 2301 787 2332; x_wconf 82' lang='lat' dir='ltr'>et</span> <span class='ocrx_word' id='word_1_272' title='bbox 810 2289 1047 2331; x_wconf 88' lang='lat' dir='ltr'>commodis</span> <span class='ocrx_word' id='word_1_273' title='bbox 1078 2290 1405 2359; x_wconf 80' lang='lat' dir='ltr'>promovendis,</span> <span class='ocrx_word' id='word_1_274' title='bbox 1439 2305 1516 2346; x_wconf 75' lang='lat' dir='ltr'>pro</span> <span class='ocrx_word' id='word_1_275' title='bbox 1551 2288 1749 2345; x_wconf 81' lang='lat' dir='ltr'>singulari</span> <span class='ocrx_word' id='word_1_276' title='bbox 1770 2321 1783 2342; x_wconf 83' lang='lat'>,</span> <span class='ocrx_word' id='word_1_277' title='bbox 1812 2300 1855 2331; x_wconf 88' lang='lat' dir='ltr'>et</span> 
     </span>
     <span class='ocr_line' id='line_1_32' title="bbox 388 2347 1856 2406; baseline -0.001 -16"><span class='ocrx_word' id='word_1_278' title='bbox 388 2348 737 2403; x_wconf 86' lang='lat' dir='ltr'>benevolentiae,</span> <span class='ocrx_word' id='word_1_279' title='bbox 757 2361 798 2392; x_wconf 88' lang='lat' dir='ltr'>et</span> <span class='ocrx_word' id='word_1_280' title='bbox 821 2350 1110 2406; x_wconf 85' lang='lat' dir='ltr'>propensionis</span> <span class='ocrx_word' id='word_1_281' title='bbox 1132 2349 1300 2403; x_wconf 89' lang='lat' dir='ltr'>studio,</span> <span class='ocrx_word' id='word_1_282' title='bbox 1321 2366 1408 2406; x_wconf 89' lang='lat' dir='ltr'>quo</span> <span class='ocrx_word' id='word_1_283' title='bbox 1427 2362 1655 2406; x_wconf 83' lang='lat' dir='ltr'>utramque</span> <span class='ocrx_word' id='word_1_284' title='bbox 1668 2347 1856 2405; x_wconf 86' lang='lat' dir='ltr'>comple-</span> 
     </span>
     <span class='ocr_line' id='line_1_33' title="bbox 389 2407 1857 2467; baseline 0 -17"><span class='ocrx_word' id='word_1_285' title='bbox 389 2410 568 2461; x_wconf 81' lang='lat' dir='ltr'>ctimur,</span> <span class='ocrx_word' id='word_1_286' title='bbox 589 2426 810 2466; x_wconf 85' lang='lat' dir='ltr'>nunquam</span> <span class='ocrx_word' id='word_1_287' title='bbox 841 2427 925 2452; x_wconf 89' lang='lat' dir='ltr'>esse</span> <span class='ocrx_word' id='word_1_288' title='bbox 959 2408 1191 2453; x_wconf 76' lang='lat' dir='ltr'>defuturos.</span> <span class='ocrx_word' id='word_1_289' title='bbox 1220 2407 1354 2467; x_wconf 85' lang='lat' dir='ltr'>Quod</span> <span class='ocrx_word' id='word_1_290' title='bbox 1377 2421 1564 2467; x_wconf 84' lang='lat' dir='ltr'>superest</span> <span class='ocrx_word' id='word_1_291' title='bbox 1583 2408 1857 2452; x_wconf 85' lang='lat' dir='ltr'>dilectionem</span> 
     </span>
     <span class='ocr_line' id='line_1_34' title="bbox 392 2468 1856 2526; baseline 0 -16"><span class='ocrx_word' id='word_1_292' title='bbox 392 2480 510 2510; x_wconf 73' lang='lat' dir='ltr'>tuam</span> <span class='ocrx_word' id='word_1_293' title='bbox 531 2470 607 2511; x_wconf 86' lang='lat' dir='ltr'>diu</span> <span class='ocrx_word' id='word_1_294' title='bbox 628 2482 738 2512; x_wconf 85' lang='lat' dir='ltr'>recte</span> <span class='ocrx_word' id='word_1_295' title='bbox 755 2502 766 2523; x_wconf 93' lang='lat'>,</span> <span class='ocrx_word' id='word_1_296' title='bbox 787 2468 1051 2526; x_wconf 76' lang='lat' dir='ltr'>feliciterque</span> <span class='ocrx_word' id='word_1_297' title='bbox 1070 2470 1208 2514; x_wconf 84' lang='lat' dir='ltr'>valere</span> <span class='ocrx_word' id='word_1_298' title='bbox 1242 2482 1453 2526; x_wconf 85' lang='lat' dir='ltr'>optamus.</span> <span class='ocrx_word' id='word_1_299' title='bbox 1478 2470 1637 2512; x_wconf 88' lang='lat' dir='ltr'>Datum</span> <span class='ocrx_word' id='word_1_300' title='bbox 1659 2470 1702 2512; x_wconf 90' lang='lat' dir='ltr'>in</span> <span class='ocrx_word' id='word_1_301' title='bbox 1722 2469 1856 2526; x_wconf 82' lang='lat' dir='ltr'>Oppi-</span> 
     </span>
     <span class='ocr_line' id='line_1_35' title="bbox 391 2529 1556 2589; baseline 0.002 -19"><span class='ocrx_word' id='word_1_302' title='bbox 391 2529 446 2571; x_wconf 86' lang='lat' dir='ltr'>do</span> <span class='ocrx_word' id='word_1_303' title='bbox 469 2542 607 2571; x_wconf 90' lang='lat' dir='ltr'>nostro</span> <span class='ocrx_word' id='word_1_304' title='bbox 627 2530 839 2587; x_wconf 75' lang='lat' dir='ltr'>Inlpcriali</span> <span class='ocrx_word' id='word_1_305' title='bbox 861 2529 1186 2588; x_wconf 85' lang='lat' dir='ltr'>Dunckelspuhl</span> <span class='ocrx_word' id='word_1_306' title='bbox 1207 2532 1275 2575; x_wconf 88' lang='lat'>26.</span> <span class='ocrx_word' id='word_1_307' title='bbox 1299 2531 1403 2573; x_wconf 88' lang='lat' dir='ltr'>Dec.</span> <span class='ocrx_word' id='word_1_308' title='bbox 1435 2549 1448 2575; x_wconf 91' lang='lat'><em>1</em></span> <span class='ocrx_word' id='word_1_309' title='bbox 1462 2532 1556 2589; x_wconf 77' lang='lat'>570,</span> 
     </span>
    </p>
   </div>
   <div class='ocr_carea' id='block_1_2' title="bbox 391 2649 1861 2755">
    <p class='ocr_par' dir='ltr' id='par_1_2' title="bbox 391 2649 1861 2755">
     <span class='ocr_line' id='line_1_36' title="bbox 391 2649 1861 2709; baseline 0.001 -20"><span class='ocrx_word' id='word_1_310' title='bbox 391 2649 609 2706; x_wconf 83' lang='lat' dir='ltr'>Diploma</span> <span class='ocrx_word' id='word_1_311' title='bbox 635 2651 955 2693; x_wconf 70' lang='lat' dir='ltr'>lllaoeimiliani</span> <span class='ocrx_word' id='word_1_312' title='bbox 984 2669 997 2695; x_wconf 90' lang='lat'><em>1</em></span> <span class='ocrx_word' id='word_1_313' title='bbox 1015 2671 1046 2695; x_wconf 82' lang='grc' dir='ltr'>ι.</span> <span class='ocrx_word' id='word_1_314' title='bbox 1072 2668 1156 2709; x_wconf 81' lang='lat' dir='ltr'>quo</span> <span class='ocrx_word' id='word_1_315' title='bbox 1180 2651 1339 2708; x_wconf 75' lang='lat' dir='ltr'>ZlIagni</span> <span class='ocrx_word' id='word_1_316' title='bbox 1359 2651 1578 2692; x_wconf 75' lang='lat' dir='ltr'>Etruriae</span> <span class='ocrx_word' id='word_1_317' title='bbox 1597 2652 1736 2692; x_wconf 74' lang='lat' dir='ltr'>Ducis</span> <span class='ocrx_word' id='word_1_318' title='bbox 1760 2650 1861 2690; x_wconf 75' lang='lat' dir='ltr'>titu-</span> 
     </span>
     <span class='ocr_line' id='line_1_37' title="bbox 559 2712 1691 2755; baseline -0.001 -3"><span class='ocrx_word' id='word_1_319' title='bbox 559 2713 651 2752; x_wconf 82' lang='lat' dir='ltr'>lum</span> <span class='ocrx_word' id='word_1_320' title='bbox 671 2713 917 2755; x_wconf 66' lang='lat' dir='ltr'>Francisco</span> <span class='ocrx_word' id='word_1_321' title='bbox 939 2713 1305 2755; x_wconf 73' lang='lat' dir='ltr'>Florencinormn</span> <span class='ocrx_word' id='word_1_322' title='bbox 1327 2712 1448 2753; x_wconf 74' lang='lat' dir='ltr'>Daci</span> <span class='ocrx_word' id='word_1_323' title='bbox 1472 2713 1659 2753; x_wconf 74' lang='lat' dir='ltr'>contulit</span> <span class='ocrx_word' id='word_1_324' title='bbox 1683 2741 1691 2751; x_wconf 90' lang='lat'>.</span> 
     </span>
    </p>
   </div>
   <div class='ocr_carea' id='block_1_3' title="bbox 395 2826 1863 2941">
    <p class='ocr_par' dir='ltr' id='par_1_3' title="bbox 395 2826 1863 2941">
     <span class='ocr_line' id='line_1_38' title="bbox 453 2826 1863 2887; baseline -0.002 -18"><span class='ocrx_word' id='word_1_325' title='bbox 453 2826 526 2883; x_wconf 74' lang='grc'>(4)</span> <span class='ocrx_word' id='word_1_326' title='bbox 548 2828 866 2872; x_wconf 85' lang='lat' dir='ltr'>Maximilianus</span> <span class='ocrx_word' id='word_1_327' title='bbox 887 2850 902 2875; x_wconf 90' lang='lat'>1</span> <span class='ocrx_word' id='word_1_328' title='bbox 919 2850 932 2875; x_wconf 88' lang='lat'>1</span> <span class='ocrx_word' id='word_1_329' title='bbox 959 2846 1017 2874; x_wconf 81' lang='lat' dir='ltr'>ec,</span> <span class='ocrx_word' id='word_1_330' title='bbox 1040 2832 1106 2873; x_wconf 84' lang='lat' dir='ltr'>Ad</span> <span class='ocrx_word' id='word_1_331' title='bbox 1131 2842 1378 2887; x_wconf 81' lang='lat' dir='ltr'>perpetuam</span> <span class='ocrx_word' id='word_1_332' title='bbox 1403 2829 1460 2871; x_wconf 90' lang='lat' dir='ltr'>rei</span> <span class='ocrx_word' id='word_1_333' title='bbox 1486 2828 1755 2870; x_wconf 86' lang='lat' dir='ltr'>memoriam.</span> <span class='ocrx_word' id='word_1_334' title='bbox 1778 2826 1863 2867; x_wconf 61' lang='lat' dir='ltr'>Rs-</span> 
     </span>
     <span class='ocr_line' id='line_1_39' title="bbox 395 2887 1863 2941; baseline 0.002 -17"><span class='ocrx_word' id='word_1_335' title='bbox 395 2888 681 2940; x_wconf 82' lang='lat' dir='ltr'>cognoscimus</span> <span class='ocrx_word' id='word_1_336' title='bbox 712 2890 866 2931; x_wconf 80' lang='lat' dir='ltr'>harum</span> <span class='ocrx_word' id='word_1_337' title='bbox 898 2891 1001 2933; x_wconf 84' lang='lat' dir='ltr'>serie</span> <span class='ocrx_word' id='word_1_338' title='bbox 1034 2889 1275 2939; x_wconf 76' lang='lat' dir='ltr'>literarum,</span> <span class='ocrx_word' id='word_1_339' title='bbox 1308 2906 1354 2931; x_wconf 83' lang='lat' dir='ltr'>ac</span> <span class='ocrx_word' id='word_1_340' title='bbox 1386 2888 1616 2940; x_wconf 76' lang='lat' dir='ltr'>universis,</span> <span class='ocrx_word' id='word_1_341' title='bbox 1649 2898 1689 2928; x_wconf 77' lang='lat' dir='ltr'>et</span> <span class='ocrx_word' id='word_1_342' title='bbox 1721 2887 1863 2941; x_wconf 81' lang='lat' dir='ltr'>singu-</span> 
     </span>
    </p>
   </div>
   <div class='ocr_carea' id='block_1_4' title="bbox 396 2943 1865 3007">
    <p class='ocr_par' dir='ltr' id='par_1_4' title="bbox 396 2943 1865 3007">
     <span class='ocr_line' id='line_1_40' title="bbox 396 2943 1865 3007; baseline 0.003 -22"><span class='ocrx_word' id='word_1_343' title='bbox 396 2943 445 2986; x_wconf 79' lang='lat' dir='ltr'>lis</span> <span class='ocrx_word' id='word_1_344' title='bbox 493 2958 643 2989; x_wconf 84' lang='lat' dir='ltr'>notum</span> <span class='ocrx_word' id='word_1_345' title='bbox 676 2949 853 2992; x_wconf 79' lang='lat' dir='ltr'>facimus</span> <span class='ocrx_word' id='word_1_346' title='bbox 874 2983 887 3001; x_wconf 91' lang='lat'><em>‚</em></span> <span class='ocrx_word' id='word_1_347' title='bbox 919 2951 1289 3007; x_wconf 79' lang='lat' dir='ltr'>quemadmodum</span> <span class='ocrx_word' id='word_1_348' title='bbox 1324 2952 1474 2991; x_wconf 83' lang='lat' dir='ltr'>unicus</span> <span class='ocrx_word' id='word_1_349' title='bbox 1518 2945 1588 2990; x_wconf 91' lang='lat' dir='ltr'>ille</span> <span class='ocrx_word' id='word_1_350' title='bbox 1620 2948 1770 2989; x_wconf 83' lang='lat' dir='ltr'>Parens</span> <span class='ocrx_word' id='word_1_351' title='bbox 1802 2963 1865 2989; x_wconf 80' lang='lat' dir='ltr'>re-</span> 
     </span>
    </p>
   </div>
   <div class='ocr_carea' id='block_1_5' title="bbox 1489 3031 1514 3055">
    <p class='ocr_par' dir='ltr' id='par_1_5' title="bbox 1489 3031 1514 3055">
     <span class='ocr_line' id='line_1_41' title="bbox 1489 3031 1514 3055; baseline 0 0"><span class='ocrx_word' id='word_1_352' title='bbox 1489 3031 1514 3055; x_wconf 77' lang='lat'>&#39;¹7</span> 
     </span>
    </p>
   </div>
   <div class='ocr_carea' id='block_1_6' title="bbox 1496 3060 1508 3082">
    <p class='ocr_par' dir='ltr' id='par_1_6' title="bbox 1496 3060 1508 3082">
     <span class='ocr_line' id='line_1_42' title="bbox 1496 3060 1508 3082; baseline 0 0"><span class='ocrx_word' id='word_1_353' title='bbox 1496 3060 1508 3082; x_wconf 71' lang='lat' dir='ltr'><em>d</em></span> 
     </span>
    </p>
   </div>
  </div>
 </body>
</html>
