2441 3841
651 502 684 551 6
693 520 720 550 o

592 590 633 632 et
665 593 864 647 passando
896 593 1105 637 amendue
1137 609 1211 652 per
1243 594 1280 636 13
1299 593 1391 638 Sala
1426 595 1576 647 Reale‚
1609 599 1719 644 dove
1751 617 1817 644 era
1851 617 2055 659 ragunato

589 650 756 693 infinito
791 653 986 709 Populo,
1018 657 1135 712 quasi
1169 667 1283 698 tutto
1316 657 1434 699 detto
1466 657 1634 714 Populo
1667 663 1717 703 ad
1751 660 1832 704 alta
1863 681 1967 707 voce
1987 682 2056 708 co·

590 711 746 755 minois)
780 728 799 752 a
834 715 994 768 grid-are
1027 715 1323 770 allegramente
1356 719 1493 760 Palle
1528 720 1684 765 Palla.
1717 732 1758 763 et
1791 730 1890 764 viva
1924 729 2020 765 νίιά
2042 759 2055 778 ‚

586 769 664 813 che
698 771 744 813 su
776 784 922 815 tenuta
956 791 1047 817 cosa
1081 778 1124 819 di
1158 778 1430 830 grandissimo
1465 794 1594 820 onore
1628 781 1750 836 peril
1774 783 1896 827 detto
1917 796 2058 827 nostro

587 826 701 872 Gran
725 834 859 886 duca,
890 835 968 877 che
1005 852 1060 876 un
1096 835 1252 893 popolo
1285 836 1421 879 alieno
1457 850 1669 882 mostrasse
1692 852 1803 883 tanta
1830 842 2056 898 allegrezza

583 893 682 936 fuor
715 892 822 934 della
853 911 926 937 sua
950 896 1076 938 Citta.
1115 898 1165 938 Et
1199 898 1366 939 arrivati
1401 899 1512 942 dove
1547 900 1630 941 Sua
1654 900 1817 944 Santita
1840 905 1873 944 si
1897 905 2059 960 riposa‚

584 965 627 996 et
658 952 816 1009 spoglia
849 956 966 998 detto
1002 957 1212 998 pontefice
1244 957 1438 1000 voltatosi
1472 974 1493 999 3
1531 960 1614 1002 Sua
1647 960 1819 1004 Altezza
1853 962 1909 1018 gli
1950 964 2056 1007 disse

585 1024 698 1055 certe
731 1012 900 1069 parole,
931 1027 973 1058 et
1006 1014 1033 1057 li
1069 1021 1260 1073 presenti)
1291 1017 1328 1058 13
1362 1019 1475 1061 detta
1507 1020 1640 1073 Rosa,
1673 1020 1710 1063 13
1743 1021 1871 1080 quale
1886 1022 1916 1064 il
1939 1022 2056 1066 Gran

582 1073 705 1116 Duc-a
740 1089 817 1116 con
852 1077 1117 1130 grandissima
1152 1076 1305 1120 umilta
1321 1112 1329 1127 ,
1353 1091 1393 1121 et
1417 1080 1646 1122 riverenzia
1679 1087 1862 1136 300611ὸ,
1886 1095 1928 1125 61
1951 1083 2055 1125 fatte

583 1130 624 1176 le
656 1134 796 1177 debite
829 1135 1065 1190 rivet-eme,
1097 1149 1139 1179 et
1170 1138 1391 1181 cirimonie
1422 1155 1538 1195 prese
1562 1152 1675 1196 grata
1698 1141 1872 1184 licenzia
1893 1144 1944 1184 da
1967 1142 2052 1185 Sua

587 1192 752 1244 53111113
770 1226 783 1248 ,
817 1207 859 1238 61
892 1198 1080 1252 partitosi
1112 1214 1154 1240 se
1185 1199 1333 1242 n’ando
1364 1199 1431 1240 nel
1456 1200 1573 1242 detto
1600 1200 1773 1243 Palazzo
1794 1201 1873 1243 alle
1891 1220 1966 1245 sue
1987 1220 2053 1245 so·

584 1250 674 1302 lite,
697 1265 737 1294 61
763 1269 977 1311 preparate
1011 1257 1185 1309 Stanze,
1218 1258 1296 1301 che
1328 1275 1452 1301 erano
1484 1259 1550 1301 nel
1583 1263 1755 1316 proprio
1788 1260 1963 1303 Palazzo
1987 1262 2055 1306 del

582 1312 693 1367 Papa
728 1329 836 1369 poco
870 1313 1039 1358 lontane
1071 1318 1119 1357 da
1156 1318 1296 1372 quelle
1329 1319 1370 1359 di
1406 1319 1522 1359 detto
1546 1320 1772 1362 pontefice.
1797 1321 1865 1361 Fu
1891 1336 2057 1363 accom-

585 1384 765 1428 pagnato
797 1374 849 1414 da
885 1377 940 1419 35
975 1375 1183 1417 Cardiuali
1206 1409 1215 1425 ‚
1250 1388 1292 1419 et
1323 1377 1489 1419 arrivati
1527 1378 1607 1420 alla
1640 1394 1713 1421 sua
1755 1393 1932 1432 camera,
1965 1381 2052 1424 Sua

583 1431 753 1473 Altezza
787 1434 818 1474 si
853 1433 970 1478 νο11ὸ
1004 1450 1120 1478 verso
1154 1434 1182 1476 11
1219 1436 1324 1479 detti
1358 1437 1594 1486 cardinali„
1627 1451 1667 1481 et
1699 1455 1776 1480 con
1811 1439 1950 1496 quella
1978 1458 2056 1484 sua

584 1489 809 1533 bellissima
844 1509 1037 1550 presenza
1064 1530 1072 1543 ,
1105 1507 1145 1536 et
1179 1508 1341 1553 aspetto
1377 1499 1526 1539 vestito
1566 1498 1644 1540 alla
1686 1499 1794 1541 reale
1816 1534 1824 1548 ‚
1858 1517 1877 1540 a
1914 1517 1999 1542 uno
2032 1519 2053 1544 a

586 1567 672 1592 uno
708 1569 786 1594 con
819 1552 918 1596 11613
962 1556 1140 1611 benigna
1174 1571 1289 1606 cera„
1323 1568 1364 1598 et
1396 1555 1521 1599 faccia
1557 1558 1611 1613 gli
1654 1561 1880 1614 Γὶηςτῑηίὸ,
1918 1574 1958 1603 et
1983 1578 2055 1604 en-

586 1622 694 1653 11310
727 1615 874 1655 dentro
908 1616 950 1657 in
985 1633 1145 1659 camera
1178 1633 1219 1658 se
1252 1617 1398 1661 n'audo
1431 1635 1451 1659 3
1485 1620 1665 1675 riposare
1689 1652 1701 1673 7
1745 1631 1787 1662 et
1821 1622 1915 1674 ogni
1951 1622 2055 1664 311ιό

582 1687 728 1714 ancora
751 1672 838 1715 fece
856 1673 882 1715 il
904 1674 1041 1718 simile
1061 1692 1133 1732 per
1153 1693 1281 1719 essere
1300 1679 1401 1719 tutti
1421 1679 1594 1722 stracchi
1621 1697 1666 1718 υ.
1704 1680 1892 1722 Isis-tesso
1912 1682 1939 1722 S
1979 1683 2055 1725 Pio

582 1731 638 1771 V.
659 1749 787 1776 aveva
808 1733 911 1776 fatto
931 1735 1066 1778 l'anno
1085 1738 1223 1779 avanti
1248 1753 1303 1778 un
1321 1738 1432 1779 simil
1455 1741 1567 1781 dono
1587 1738 1810 1781 dellaRosa
1829 1742 2050 1784 benedetta

581 1789 659 1832 3113
681 1794 894 1836 Duchessa
914 1796 1137 1839 Giovanna
1160 1796 1313 1851 moglie
1338 1797 1403 1839 del
1425 1800 1618 1855 Principe
1637 1800 1865 1841 Francesco
1886 1818 1896 1850 3
1930 1817 1976 1842 ce
2013 1801 2055 1844 lo

579 1866 694 1893 narra
728 1852 896 1896 l’istesso
922 1857 1085 1912 Lapini.
1105 1878 1127 1894 «
1144 1855 1180 1896 A
1199 1857 1238 1897 db
1267 1875 1280 1899 1
1297 1876 1329 1900 1.
1364 1857 1532 1912 Maggio
1573 1861 1699 1910 1563,
1726 1858 1805 1911 egli
1832 1860 1947 1904 dice.
1972 1862 2053 1905 alle

581 1926 652 1955 ore
687 1929 740 1955 22
776 1914 816 1954 in
850 1915 956 1958 circa
989 1917 1122 1958 arrivs)
1155 1920 1230 1972 qui
1263 1916 1303 1956 in
1339 1916 1515 1960 Firenze
1549 1933 1606 1960 un
1643 1919 1844 1961 Mandato
1877 1921 1919 1962 di
1940 1921 2054 1978 Papa

578 1970 656 2013 Pio
687 1971 752 2025 V,
785 1972 814 2014 il
847 1974 972 2032 quale
1004 1978 1142 2018 arrecc)
1174 1974 1211 2016 13
1245 1975 1352 2017 Rosa
1385 1977 1607 2020 benedetta
1642 1979 1692 2019 da
1728 1979 1846 2020 detto
1865 1980 2054 2024 Pontefi-

581 2045 651 2083 ce,
683 2033 762 2075 che
793 2033 832 2075 13
866 2041 1055 2091 presente)
1087 2033 1165 2075 alla
1183 2034 1398 2077 Duchessa
1419 2037 1644 2080 Giovanna
1667 2037 1824 2093 moglie
1843 2039 1910 2082 del
1933 2041 2054 2083 Prin-

579 2094 673 2147 cipe
705 2094 933 2136 Franceseo
955 2129 963 2142 ‚
997 2114 1018 2138 e
1052 2093 1122 2136 alli
1161 2097 1227 2138 13.
1261 2094 1381 2139 detto
1414 2097 1446 2137 si
1479 2101 1600 2141 canto
1635 2113 1715 2138 una
1758 2099 1893 2141 Messa
1941 2100 2055 2143 dello

579 2150 738 2207 Spirito
771 2154 811 2195 S.
847 2154 890 2196 in
921 2154 962 2196 S.
997 2155 1129 2196 Maria
1161 2152 1229 2196 del
1264 2154 1391 2199 Fiore
1418 2189 1427 2206 ,
1469 2155 1756 2200 solemnissima
1777 2190 1792 2210 ‚
1827 2157 1906 2200 alla
1951 2161 2055 2219 qual

580 2213 716 2253 Messa
749 2230 885 2256 venne
917 2214 1151 2257 solamente
1181 2211 1220 2254 13
1253 2214 1368 2258 (16113
1401 2215 1614 2260 Duchessa
1648 2233 1725 2260 con
1745 2233 1819 2261 sua
1844 2219 1988 2272 Corte,
2012 2233 2055 2264 et

580 2284 746 2315 cantata
778 2273 817 2315 13
849 2274 963 2317 detta
996 2275 1156 2327 Messa,
1188 2275 1267 2316 che
1299 2274 1337 2316 la
1370 2281 1493 2321 canto
1524 2275 1555 2318 il
1575 2279 1771 2320 vescovo
1792 2277 1927 2321 Guidi
1949 2280 2055 2325 Vol-

580 2343 744 2375 terrano
760 2365 772 2386 ‚
804 2333 834 2375 il
867 2336 1136 2392 sopraddetto
1171 2333 1373 2377 Mandato
1397 2335 1466 2379 del
1486 2338 1598 2395 Papa
1622 2353 1740 2394 prese
1762 2336 1801 2379 13
1825 2340 1940 2381 detta
1964 2340 2052 2382 Ro-

578 2409 646 2445 sa,
669 2391 708 2434 13
728 2393 854 2451 quale
878 2407 1001 2438 stette
1033 2410 1198 2450 sempre
1231 2396 1275 2436 in
1307 2394 1553 2439 sull'Altare
1571 2431 1579 2447 ,
1605 2410 1766 2440 mentre
1795 2399 1827 2440 si
1860 2403 1982 2442 canto
2011 2399 2052 2442 la

579 2453 734 2507 Messa,
757 2465 799 2496 et
823 2453 859 2495 la
885 2460 1074 2511 presento
1093 2453 1131 2496 al
1151 2454 1267 2496 detto
1291 2456 1507 2507 Vesoevo,
1529 2469 1570 2499 et
1594 2456 1657 2499 lui
1677 2457 1714 2500 13
1736 2473 1835 2514 pose
1853 2459 1896 2500 in
1923 2475 2051 2501 mano

576 2511 656 2554 alla
680 2513 794 2555 detta
816 2514 1029 2557 Duchessa
1047 2550 1055 2564 ‚
1081 2526 1122 2558 et
1147 2512 1224 2555 ella
1245 2527 1605 2561 reverentemente
1631 2516 1670 2559 la
1691 2534 1832 2575 prese,
1866 2534 1888 2561 e
1926 2530 2051 2562 tenu-

577 2571 660 2614 1313
685 2571 883 2629 alquanto
908 2576 951 2616 in
974 2591 1099 2617 mano
1120 2574 1158 2616 13
1176 2575 1331 2630 riprese
1354 2575 1384 2617 il
1403 2575 1617 2631 Vescovo,
1641 2589 1682 2620 et
1703 2577 1764 2619 lui
1785 2577 1826 2619 13
1847 2594 1934 2620 rese
1950 2579 1986 2622 al
2008 2581 2048 2624 d.

578 2632 781 2675 Mandato
800 2666 811 2686 ‚
844 2647 884 2676 et
906 2634 979 2678 fini
999 2635 1036 2678 13
1055 2635 1317 2687 ceremonia,
1342 2649 1384 2679 et
1421 2635 1534 2679 detta
1568 2638 1677 2680 Rosa
1716 2637 1764 2680 fu
1804 2650 1967 2694 portata
2004 2641 2048 2683 in

576 2691 752 2734 Palazzo
770 2725 779 2741 ‚
800 2710 821 2735 e
844 2695 963 2750 quivi
985 2697 1018 2737 si
1044 2696 1205 2737 rimase.
1242 2694 1370 2737 Detta
1393 2697 1503 2738 Rosa
1537 2696 1584 2739 fu
1608 2707 1718 2739 tutta
1741 2698 1858 2740 d’oro
1883 2701 2050 2742 massic-

574 2753 642 2794 cio
662 2769 682 2793 a
706 2768 780 2794 uso
801 2753 842 2794 di
866 2755 974 2796 Rosa
999 2771 1075 2797 con
1102 2759 1125 2800 3
1151 2752 1289 2809 palchi
1310 2755 1351 2796 di
1374 2754 1501 2811 foglie
1526 2768 1639 2811 tutte
1659 2757 1701 2799 di
1726 2773 1826 2810 oro,
1861 2769 1900 2800 et
1932 2775 1974 2802 se
1996 2777 2048 2803 110

574 2813 836 2855 ritornarono
859 2831 879 2854 a
900 2813 1077 2856 Palazzo
1097 2830 1175 2856 con
1194 2811 1231 2854 16
1252 2816 1416 2856 trombe
1436 2816 1603 2858 innanzi
1622 2819 1828 2866 sonando,
1845 2829 1886 2859 et
1910 2817 2048 2863 facen-

573 2873 628 2914 do
650 2890 746 2927 gran
767 2870 868 2916 festa
885 2908 894 2924 ,
917 2887 958 2918 et
981 2874 1203 2931 allegrezza
1231 2891 1251 2905 ‘³
1266 2907 1273 2915 .
1298 2876 1366 2915 Ma
1387 2877 1632 2917 ritorniarno
1654 2877 1695 2917 in
1723 2879 1801 2921 via.
1822 2877 1937 2919 Dalla
1963 2880 2046 2923 Re-

574 2931 737 2976 lazioue
759 2932 868 2975 della
891 2935 1092 2985 1113131113,
1114 2953 1135 2977 6
1159 2931 1265 2975 della
1288 2947 1422 2977 morte
1446 2937 1483 2977 (11
1501 2937 1541 2977 S.
1560 2940 1635 2979 Pio
1649 2935 1698 2979 V.
1716 2939 1853 2980 scritta
1873 2937 2043 2981 dall'Ar-

570 2992 734 3036 chiatro
760 2992 859 3039 Gio.
884 2997 1110 3039 Francesco
1131 2995 1328 3038 Mareneo
1352 2995 1393 3038 di
1415 2995 1536 3053 Albi,
1560 3014 1582 3040 e
1614 3010 1819 3056 stampata
1845 2999 1882 3042 13
1906 3001 2043 3058 prima
