2441 3841
1680 448 1746 517 [27

354 530 634 586 congiuntura
661 566 667 580 ‚
700 531 841 573 hanno
880 530 1058 590 qualche
1090 531 1261 586 disegno
1294 546 1480 577 nascosto
1501 530 1552 577 'di
1586 547 1814 579 accrescere

355 591 368 631 i
391 592 542 633 turbidi
557 622 569 644 9
583 593 631 633 ei
653 592 851 635 disordiui
866 609 938 648 per
957 593 1077 649 porvi
1100 593 1139 633 in
1161 595 1362 636 discordia
1381 594 1486 640 colla
1506 595 1634 640 Sama
1653 595 1810 639 Sede».

352 651 664 707 L’lmperatore
696 653 932 695 trovandosi
966 654 1244 695 imbarazzato
1275 655 1316 695 di
1350 656 1588 712 rispondere
1639 672 1659 697 a
1711 672 1814 712 que-

354 722 417 751 sto
441 711 621 754 discorso
639 744 654 765 ,
685 711 818 767 allego
849 711 1108 766 solamente,
1141 714 1220 756 che
1251 713 1330 769 egli
1362 732 1428 758 era
1452 716 1663 772 obbligato
1682 717 1726 756 in
1744 730 1815 758 co·

354 771 512 813 scienza
546 787 566 812 a
598 781 808 814 sostenen-e
842 774 852 813 i
888 773 1019 814 diritti
1054 771 1342 829 dell'lmpero.
1379 774 1431 816 Al
1475 776 1555 819 che
1589 775 1746 832 replico
1784 772 1816 814 il

354 829 600 880 Cardinale,
632 831 710 873 che
743 832 895 889 poiche
918 830 1001 873 Sua
1026 831 1182 873 Maesta
1217 833 1438 888 Imperiale
1470 836 1648 878 credeasi
1683 833 1816 876 obbli-

355 901 452 944 gato
483 908 502 932 a
539 889 752 933 difendere
787 891 799 932 i
834 891 966 932 diritti
1001 889 1309 947 dell’lmpero,
1344 908 1425 934 non
1459 895 1591 936 dovea
1623 910 1721 936 aver
1754 895 1817 935 di-

353 964 467 990 scaro
497 950 576 991 che
609 947 637 989 il
669 949 780 1006 Papa
814 950 1031 1005 prendesse
1062 964 1159 991 cura
1195 952 1234 992 di
1270 951 1460 993 difender
1490 952 1620 1010 quelli
1643 952 1751 995 della
1775 952 1817 995 S.

348 1007 465 1050 *Sede
486 1041 494 1056 ,
527 1024 549 1050 e
581 1007 660 1048 che
693 1007 836 1051 areale
867 1009 973 1051 fatto
1003 1023 1223 1052 conoscere
1255 1011 1499 1053 abbastanza
1518 1011 1632 1070 quali
1653 1027 1790 1054 erano,

353 1067 525 1110 Cosimo
559 1066 759 1123 pubblico
791 1069 908 1109 auctr
928 1067 1007 1124 egli
1042 1068 1080 1112 le
1130 1086 1204 1113 sue
1237 1073 1395 1126 ragioni
1416 1103 1428 1125 ,
1480 1073 1680 1115 ch‘erano
1721 1087 1820 1130 qua-

355 1130 385 1168 si
421 1124 458 1169 le
492 1127 732 1170 medesime.
766 1126 859 1183 Egli
895 1129 1041 1171 diceva
1073 1128 1130 1171 fra
1163 1129 1203 1173 le
1237 1129 1340 1174 altre
1371 1146 1491 1181 cose,
1537 1132 1616 1174 che
1647 1131 1822 1176 Childe·

356 1186 448 1241 rigo
482 1188 653 1229 essendo
685 1199 791 1229 stato
822 1188 1032 1245 spogliato
1065 1189 1173 1233 della
1208 1192 1371 1234 Corona
1405 1193 1447 1234 di
1480 1193 1678 1242 Francia,
1709 1191 1825 1250 Pipi·

358 1261 414 1288 uo
464 1244 500 1287 la
547 1249 683 1290 riceve
726 1247 792 1289 dal
826 1249 936 1305 Papa
967 1250 1202 1294 Zacctoeria.
1237 1252 1328 1295 Che
1363 1252 1583 1295 Demetrio
1615 1268 1680 1294 era
1714 1265 1823 1295 stato

359 1318 502 1348 creato
535 1307 585 1347 da
618 1309 824 1362 Gregorio
854 1308 945 1352 Vll.
979 1311 1042 1353 Re
1076 1312 1116 1352 di
1151 1314 1352 1363 Croazia,
1384 1330 1406 1355 e
1433 1313 1475 1353 di
1494 1311 1824 1365 Dalmazia,che

361 1382 465 1408 sono
496 1366 716 1410 Provincie
747 1380 934 1424 soggette
966 1369 1002 1410 al
1036 1372 1180 1425 Regno
1213 1371 1493 1427 d³Vngheria3
1518 1373 1596 1415 che
1617 1374 1824 1416 Innocen-

361 1427 430 1467 zio
453 1427 527 1467 ΙΙΙ.
562 1443 660 1469 avea
696 1427 801 1470 fatto
837 1431 1031 1470 loanniza
1066 1431 1125 1473 Re
1158 1431 1199 1472 di
1232 1429 1447 1486 Bulgaria,
1468 1432 1550 1475 edi
1571 1430 1825 1484 Vallacchia,

363 1486 556 1527 cb‘erano
588 1486 720 1530 anche
755 1489 973 1530 provincie
1007 1489 1251 1546 dipendenti
1273 1490 1518 1534 dall’istesso
1536 1493 1682 1548 Regno
1702 1492 1826 1535 d·Vn-

365 1546 520 1601 glis-ria.
555 1546 796 1602 Aggiungea
831 1549 961 1592 anche
995 1549 1097 1591 altre
1129 1552 1287 1606 ragioni
1332 1567 1458 1595 meno
1495 1552 1767 1609 importanti,
1806 1570 1829 1598 e

364 1607 445 1648 che
478 1607 547 1647 noi
582 1621 655 1662 per
686 1608 846 1651 brevita
879 1612 1143 1652 omettiamo.

429 1726 500 1776 (3)
523 1722 802 1768 Illustrissime
827 1727 949 1774 Dux,
972 1727 1138 1779 Affinis,
1161 1740 1202 1770 et
1221 1729 1416 1787 Princeps
1439 1730 1690 1774 charissime.
1717 1732 1829 1776 Cum

367 1783 488 1824 nobis
513 1782 737 1839 aliquoties
761 1800 833 1841 per
857 1784 1093 1829 dilectionis
1116 1800 1214 1828 tuae
1233 1791 1451 1830 Oratorem
1474 1791 1514 1830 in
1541 1790 1666 1831 Curia
1693 1804 1831 1835 nostra

368 1843 617 1884 residentem
639 1846 881 1901 expositum
906 1845 1033 1887 fuerit
1054 1847 1326 1888 dilectionem
1366 1860 1483 1890 tuam
1518 1851 1620 1891 scire
1647 1865 1802 1907 cupere
1821 1887 1829 1902 ‚

367 1903 470 1959 quid
497 1901 609 1944 illam
637 1905 689 1946 de
714 1915 952 1961 praetensae
975 1907 1117 1962 Magni
1144 1907 1335 1950 Ducatns
1363 1910 1586 1953 Hetruriae
1610 1910 1834 1965 inaugura·

369 1963 486 2005 tione
507 1962 639 2005 facere
654 1963 859 2013 velimus,
882 1982 954 2007 nos
974 1970 1048 2009 etsi
1067 1979 1239 2024 accepto
1262 1971 1495 2025 praeteritis
1526 1970 1739 2012 mensibus
1761 1972 1832 2014 SS.

374 2021 428 2064 l).
453 2023 665 2064 pontificis
685 2040 902 2081 respons0,
925 2025 975 2066 ad
1000 2025 1150 2068 factam
1178 2027 1302 2083 longo
1339 2041 1435 2071 ante
1472 2041 1664 2086 tempore
1692 2045 1835 2074 coram

370 2080 606 2122 Sanctitate
629 2082 736 2130 Sua,
761 2096 799 2126 et
824 2085 1289 2129 Reverendissimorum
1323 2090 1365 2130 in
1389 2089 1558 2131 Christo
1589 2091 1763 2131 Patrutn
1793 2091 1835 2134 S.

375 2142 425 2184 R.
447 2142 796 2185 E.Ca1·dinalium
815 2143 1005 2199 Collegio
1028 2148 1355 2190 insinuationem
1375 2150 1608 2204 praeteritis
1623 2151 1838 2192 mensibus

376 2202 420 2242 in
445 2203 550 2244 Arce
572 2214 710 2246 nostra
733 2204 862 2259 Regia
886 2202 1063 2249 solemni
1097 2207 1226 2249 modo
1246 2208 1541 2265 interpositae,
1563 2209 1613 2251 ad
1635 2209 1838 2253 Sanctita-

377 2272 462 2302 tem
488 2260 617 2303 Suam
644 2279 690 2304 ea
712 2264 867 2320 scripto
892 2264 1032 2308 referri
1057 2269 1322 2322 curavimus,
1347 2284 1456 2325 quae
1479 2280 1614 2311 nostra
1631 2303 1641 2318 ‚
1671 2284 1717 2310 ac
1753 2272 1840 2312 lm-

377 2322 483 2378 perii
509 2321 618 2363 Sacri
639 2326 854 2366 necessitas
875 2323 958 2367 hoc
976 2325 1070 2368 loco
1092 2342 1314 2385 exposcere
1332 2330 1417 2372 visa
1434 2340 1517 2380 est,
1534 2329 1724 2386 adeoque
1739 2345 1840 2372 curn

376 2382 454 2423 ista
479 2396 578 2423 cum
599 2381 828 2427 Sanctitate
848 2386 934 2426 Sua
952 2420 960 2435 ,
985 2399 1138 2443 utpote
1158 2404 1178 2429 a
1200 2404 1282 2444 qua
1306 2399 1452 2431 asserta
1472 2387 1543 2430 illa
1567 2389 1841 2444 inauguratio

377 2440 675 2498 proficiscitur,
699 2460 817 2499 agere
834 2448 1116 2489 statuerimus.
1142 2447 1460 2490 Nichilominus
1480 2461 1620 2492 tamen
1654 2450 1705 2491 ad
1730 2465 1843 2506 prae-

379 2502 483 2544 dicti
507 2500 744 2546 dilectionis
767 2517 865 2547 tuae
884 2508 1069 2550 Oratoris
1091 2509 1332 2550 instantiam
1353 2510 1686 2565 praetermittere
1709 2510 1845 2552 nolui·

379 2576 500 2614 mus,
519 2563 624 2620 quin
644 2564 860 2607 dilectioni
886 2582 1059 2624 quoque
1079 2580 1178 2611 tuae
1196 2570 1325 2611 animi
1346 2571 1471 2611 nostri
1491 2569 1756 2613 voluntatem
1772 2571 1843 2613 be-

381 2622 533 2676 nigne,
556 2639 602 2665 ac
623 2638 673 2667 eo
698 2627 903 2681 candore,
926 2643 1013 2684 quo
1046 2629 1089 2670 in
1121 2629 1395 2684 hujusmodi,
1429 2641 1468 2671 et
1500 2631 1845 2688 quibuscumque

384 2680 475 2724 aliis
497 2686 674 2738 negotiis
693 2687 842 2729 versari
865 2689 1179 2742 consuevimus,
1197 2692 1466 2746 aperiremus.
1484 2692 1532 2732 In
1552 2691 1698 2748 primis
1717 2691 1845 2743 igitur

384 2740 598 2785 dilectioni
622 2755 721 2788 tuae
742 2745 850 2789 illud
873 2747 916 2789 in
940 2760 1130 2791 mentem
1150 2751 1390 2792 vocandum
1415 2753 1595 2793 occurrit
1611 2784 1622 2804 ,
1654 2751 1768 2806 quod
1793 2750 1844 2790 si·

386 2813 460 2842 cut
479 2803 696 2847 Sanctitati
718 2809 808 2861 ejus
831 2806 951 2850 nullo
973 2811 1066 2864 jure
1089 2807 1212 2851 licuit
1233 2809 1316 2852 tale
1338 2811 1442 2867 quid
1462 2809 1513 2853 de
1537 2811 1731 2853 Hetruria
1765 2820 1846 2850 sta-

389 2870 508 2903 tuere
523 2895 532 2911 ,
554 2876 680 2921 atque
703 2866 952 2922 disponere,
968 2869 1026 2909 sic
1046 2880 1156 2911 certe
1178 2867 1448 2912 dilectionem
1471 2880 1584 2911 tuam
1605 2902 1618 2920 ‚
1643 2882 1845 2924 tanquam

390 2932 579 2965 nostrum
603 2926 779 2984 Imperii
803 2927 915 2970 Sacri
935 2926 1156 2974 vassallum
1176 2960 1187 2984 ,
1211 2927 1334 2987 longe
1366 2931 1507 2973 minus
1538 2930 1680 2975 decuit
1701 2959 1714 2983 ‚
1736 2926 1848 2971 obla-
