2441 3841
1684 496 1700 529 ¹
1717 496 1746 550 7

352 570 565 647 quando
605 572 748 626 venit
789 568 856 625 ad
898 569 1283 625 Consistorium
1321 566 1406 622 die
1447 568 1822 642 praecedentet

349 646 568 703 habebat
595 650 802 722 signum
832 649 1032 702 Tosoni
1072 644 1180 721 (a).

425 725 666 778 Fuerunt
701 726 755 778 in
784 722 1034 796 Cappella
1060 721 1212 775 multi
1242 719 1483 789 Nobiles,
1510 742 1737 796 quorum
1766 744 1818 776 a·

350 797 481 874 liqui
510 801 757 853 sederunt
788 801 840 852 in
869 798 1113 870 gradibus
1144 796 1297 864 Solii,
1326 812 1375 848 et
1402 812 1523 848 sunt
1554 796 1604 849 hi
1629 841 1641 865 ,
1670 798 1818 851 vide-

346 873 491 929 licet:
523 875 859 930 Illustrissimi
889 873 1104 926 Domini
1137 871 1298 923 lulius
1328 870 1612 937 Columna,
1636 873 1818 926 Iohan-

348 969 436 1001 nes
466 953 714 1017 Vrsinus,
744 949 964 1015 Marius,
1000 963 1050 1000 et
1088 945 1280 1000 Paulus
1327 945 1513 999 Sfortia
1536 991 1548 1014 ,
1596 947 1815 1003 Iacobus

347 1023 610 1078 Malatesta
627 1069 640 1094 ,
670 1025 764 1100 qui
794 1023 1008 1076 fuerunt
1035 1022 1284 1075 incensati
1305 1037 1421 1074 ante
1443 1020 1817 1094 Subdiaconos,

347 1115 396 1151 et
425 1098 702 1155 Auditores
730 1101 891 1154 Rotae
921 1101 1060 1171 juxta
1095 1097 1324 1170 regulam
1355 1098 1818 1155 Caeremoniarum

341 1193 446 1228 non
476 1179 585 1229 sine
613 1197 792 1250 magna
820 1175 1238 1228 murmuratione
1267 1173 1622 1249 quorumdam
1646 1175 1817 1230 Audi-

343 1265 516 1305 torum
548 1252 645 1307 hoc
673 1273 819 1325 aegre
849 1251 1151 1305 ferentium.

414 1327 690 1401 Completa
718 1330 873 1383 Missa
895 1349 987 1381 nos
1008 1328 1207 1382 Clerici·
1221 1327 1685 1381 Caeremoniarun]
1709 1326 1809 1380 fui-

339 1421 454 1454 mus
483 1406 778 1476 interrogati
807 1425 834 1456 a
863 1403 1322 1458 Reverendissimis
1361 1401 1734 1471 Alexandrino,
1764 1420 1815 1458 et

337 1478 577 1533 Medice:
609 1502 672 1534 an
704 1482 921 1552 Magnus
952 1481 1070 1532 Dux
1093 1480 1146 1531 in
1175 1477 1353 1532 eundo
1380 1498 1472 1550 per
1492 1479 1692 1532 Vrbem
1720 1478 1815 1533 de-

338 1552 482 1608 beret
504 1556 809 1628 praecedere
830 1554 1154 1623 Cardinales,
1176 1555 1369 1630 quibus
1388 1553 1640 1623 diximus,
1662 1555 1813 1629 quod

334 1648 455 1697 non,
475 1651 593 1684 nam
610 1631 912 1685 Cardinales
937 1632 1335 1705 aequiparantur
1354 1632 1600 1702 Regibus,
1620 1647 1670 1683 et
1690 1631 1813 1686 ideo

333 1703 510 1758 nullus
547 1708 795 1779 Princeps
841 1708 1069 1775 cujusvis
1115 1707 1546 1778 praeeminentiae
1568 1751 1580 1775 ,
1609 1708 1812 1761 etiamsi

333 1795 464 1833 esset
509 1780 577 1834 de
622 1782 958 1836 Electoribus
1008 1782 1244 1852 Imperii,
1289 1780 1447 1834 debet
1503 1781 1811 1852 praecedere

334 1854 661 1927 Cardinales,
689 1858 913 1930 exceptis
941 1858 1192 1929 Regibus,
1212 1873 1263 1909 et
1293 1856 1438 1930 qnod
1469 1856 1602 1910 bene
1632 1857 1811 1910 adver-

397 1978 474 2038 (α)
491 1978 616 2023 Carlo
629 1979 679 2024 V.
695 1980 802 2037 Imp.
827 1977 874 2021 fu
894 1976 1037 2037 quegli
1061 1978 1140 2022 che
1162 1977 1345 2023 volendo
1363 1979 1569 2037 premiare
1591 1976 1628 2020 la
1652 1976 1806 2024 sedena

332 2042 375 2084 di
409 2041 606 2094 Cosimo,
645 2057 668 2083 e
707 2038 989 2094 dimostrargli
1021 2037 1059 2080 la
1092 2054 1165 2080 sua
1191 2040 1512 2091 riconoscenza,
1535 2037 1563 2079 il
1587 2040 1738 2083 decoro
1761 2042 1806 2083 di

332 2104 474 2158 quest’
494 2101 653 2143 Ordine
686 2097 754 2142 del
785 2100 956 2141 Tosone
977 2131 986 2140 .
1020 2100 1069 2140 In
1103 2115 1162 2140 un
1194 2100 1283 2141 mio
1316 2099 1463 2141 Diario
1495 2109 1556 2140 sta
1595 2100 1809 2154 registrata

330 2175 415 2203 una
451 2164 540 2202 cosi
573 2159 675 2201 satta
712 2159 1001 2201 concessione:
1036 2176 1060 2192 »
1095 2159 1143 2200 In
1188 2169 1338 2215 questo
1381 2171 1530 2215 tempo
1569 2161 1699 2212 (cioe
1738 2159 1809 2204 nel

334 2219 484 2275 1544)
516 2219 559 2263 lo
595 2221 704 2277 Imp.
739 2218 862 2260 Carlo
896 2219 949 2261 V.
967 2218 1150 2273 ,avendo
1184 2219 1345 2261 veduto
1393 2217 1429 2260 la
1473 2221 1628 2260 sincera
1675 2218 1772 2262 fede
1795 2252 1809 2272 ‚

330 2280 410 2322 che
442 2278 496 2334 gli
532 2290 706 2336 portava
741 2277 772 2320 il
803 2279 924 2321 Duca
957 2277 1163 2331 Cosimo,
1197 2291 1239 2323 et
1272 2279 1349 2320 che
1370 2280 1442 2335 pisi
1469 2277 1586 2321 volte
1603 2275 1712 2321 nelle
1731 2295 1806 2322 sue

328 2340 514 2396 imprese
547 2338 589 2380 lo
622 2339 786 2382 haveva
819 2353 1004 2381 soccorso
1026 2337 1070 2379 di
1094 2349 1236 2393 gente,
1269 2350 1310 2381 et
1343 2339 1385 2380 di
1417 2339 1587 2390 danari,
1621 2354 1691 2394 per
1713 2354 1804 2380 mo-

332 2400 469 2441 strarsi
505 2410 621 2453 grato
655 2398 735 2441 alla
767 2415 841 2442 sna
875 2397 1052 2447 fedelth,
1075 2396 1130 2453 gli
1151 2399 1329 2457 piaeque
1360 2397 1576 2440 adornarlo
1606 2398 1705 2441 dell’
1725 2400 1804 2441 Or·

332 2459 430 2503 dine
462 2458 530 2502 del
563 2461 761 2511 Tosone,
793 2471 835 2502 et
868 2465 956 2502 cosi
997 2474 1128 2514 gnene
1149 2460 1325 2503 *mando
1366 2460 1500 2501 insino
1544 2474 1564 2499 a
1597 2458 1801 2508 Firenze;

330 2517 360 2561 il
393 2517 493 2576 qual
526 2520 685 2562 Ordine
717 2520 760 2562 di
794 2519 999 2563 Cavalieri
1036 2519 1067 2560 si
1103 2519 1195 2562 dice
1227 2535 1356 2562 essere
1389 2520 1439 2561 ad
1478 2519 1723 2562 imitazione
1756 2521 1801 2562 di

327 2577 467 2636 quella
501 2580 659 2633 antica,
684 2591 726 2622 et
750 2577 885 2623 fedele
919 2578 1230 2635 cospirazione‚
1261 2580 1339 2623 che
1372 2578 1537 2622 feciono
1568 2579 1581 2620 i
1608 2580 1680 2636 pin
1700 2579 1799 2622 forti

326 2639 493 2694 giovani
527 2641 572 2682 di
605 2651 717 2682 tutta
738 2638 776 2682 la
798 2637 963 2682 Grecia.
999 2638 1198 2681 chiamati
1232 2638 1350 2697 dipoi
1373 2638 1429 2694 gli
1455 2640 1703 2694 Argonauti,
1724 2655 1798 2696 per

327 2699 557 2751 riportarne
580 2698 798 2742 dall’lsola
834 2700 877 2741 di
910 2697 1061 2742 Colchi
1096 2697 1124 2740 il
1157 2697 1281 2742 Vello
1312 2701 1451 2748 d’oro,
1492 2710 1532 2742 et
1572 2699 1613 2740 di
1647 2711 1795 2756 questo

330 2758 487 2801 Ordine
518 2776 584 2802 era
617 2759 744 2802 allora
777 2776 875 2815 gran
909 2762 1095 2802 Maestro
1127 2756 1168 2800 lo
1191 2772 1318 2803 stesso
1344 2763 1623 2816 Imperatore,
1649 2771 1689 2801 et
1712 2775 1794 2799 non

329 2817 360 2857 si
395 2821 417 2858 e
453 2821 535 2860 mai
569 2832 689 2862 usato
721 2820 763 2861 di
797 2820 1025 2862 concedere
1060 2816 1143 2861 tale
1179 2821 1338 2863 Ordine
1369 2820 1448 2862 che
1480 2836 1500 2860 a
1532 2819 1791 2872 grandissimi

328 2875 534 2933 Principi,
567 2896 592 2920 o
623 2896 644 2920 a
677 2877 969 2922 valorosissimi
1015 2877 1189 2932 sufflati,
1222 2881 1236 2922 i
1267 2879 1384 2938 quali
1423 2879 1606 2921 habbino
1629 2877 1792 2922 havuto

329 2936 445 2992 gradi
476 2939 733 2993 grandissimi
767 2938 874 2982 nella
906 2939 1068 2984 Milizia
1103 2960 1126 2976 κ
1145 2970 1154 2980 .
