2441 3841
1635 454 1696 509 31

310 557 442 612 Suae
472 554 733 611 Sanctitati
752 596 765 619 ,
802 550 1074 605 associatus
1103 567 1129 601 a
1156 543 1620 602 Reverendissimis
1650 544 1778 598 Car-

308 631 569 686 (linalibus
598 628 883 695 MadrutiO,
912 641 962 679 et
989 623 1205 692 Aluan),
1234 620 1430 675 ultimis
1458 620 1780 691 presbyteris

310 707 679 762 Cardinalibus
700 750 713 775 ‚
741 706 833 779 qui
862 716 1109 757 venerant
1136 717 1303 774 usque
1331 696 1398 750 ad
1427 695 1616 765 gradus
1654 695 1782 749 Solii

307 800 508 838 tantum
526 828 538 851 ,
560 783 703 836 factis
731 778 1029 833 reverentiis
1057 794 1180 829 cum
1210 773 1595 846 genuflexione,
1627 770 1784 824 rediit

309 880 432 914 cum
461 860 698 922 Corona,
728 872 780 908 et
815 857 974 924 Virga
1012 850 1081 902 ad
1118 850 1347 902 bancum
1387 845 1749 901 Cardinalium
1771 889 1787 914 ‚

309 935 548 1009 seditque
576 936 632 985 in
672 933 788 983 loco
833 942 1086 982 consueto
1107 968 1120 993 ‚
1166 939 1218 977 et
1264 925 1475 978 Marcus
1522 921 1786 976 Antonius

312 1010 597 1076 Columna,
632 1022 683 1060 et
718 1004 910 1058 Paulus
954 1003 983 1055 J
989 1000 1220 1055 ordanus
1265 1013 1622 1053 remanserunt
1667 1013 1788 1049 ante

310 1087 508 1158 ipsum,
537 1099 589 1137 et
616 1081 925 1147 servierunt,
953 1098 1094 1132 unus
1112 1080 1167 1132 in
1187 1074 1528 1149 deponenda,
1557 1089 1608 1126 et
1636 1093 1791 1145 repo-

314 1160 511 1229 nenda,
540 1179 597 1213 ac
625 1156 850 1213 tenenda
879 1157 1114 1222 Corona,
1141 1152 1269 1207 alter
1296 1153 1352 1205 in
1380 1148 1619 1205 faciendo
1646 1149 1791 1202 idem

317 1236 385 1289 de
415 1238 660 1308 Sceptro‚
689 1249 846 1308 prout
866 1253 960 1305 ego
980 1230 1194 1286 cuilibet
1214 1230 1448 1302 ipsorum
1469 1226 1791 1280 ordinabam.

319 1312 572 1367 Cantores
599 1328 726 1365 tunc
753 1310 999 1364 dixerunt
1026 1307 1277 1361 ultimum
1317 1323 1528 1359 versum
1550 1347 1564 1372 ‚
1608 1318 1658 1355 et
1701 1300 1793 1354 illo

318 1389 528 1441 interim
544 1387 907 1442 Sanctissimus
918 1385 1177 1439 Dominus
1198 1382 1369 1454 posuit
1396 1381 1667 1433 incensum
1699 1398 1795 1450 pro

317 1462 634 1535 Evangelio,
662 1479 712 1516 et
740 1463 876 1515 itum
904 1461 1004 1514 fuit
1032 1459 1098 1513 ad
1120 1455 1467 1529 Evangelium
1499 1453 1795 1509 secundum

319 1541 499 1607 ritum,
520 1556 571 1592 et
591 1555 718 1592 tunc
739 1537 836 1595 feci
849 1537 1111 1609 deponere
1124 1536 1385 1589 Coronam
1397 1532 1633 1586 M.Duci:
1651 1529 1795 1584 etdi-

319 1631 404 1668 cto
433 1614 611 1669 Credo
638 1633 729 1687 per
758 1615 994 1667 Sanctis&
1023 1612 1341 1678 Dominum,
1367 1608 1500 1663 sedit
1526 1609 1649 1662 Dux
1676 1626 1799 1661 cum

320 1692 529 1745 Corona
550 1732 563 1758 ‚
592 1704 644 1741 et
679 1690 850 1759 Virga.
880 1687 967 1741 Ad
1004 1706 1215 1739 versum
1244 1698 1292 1739 et
1325 1688 1662 1739 Itzcarnatus
1693 1696 1796 1752 est,

320 1765 533 1840 quando
561 1765 811 1819 Cantores
837 1762 1111 1830 dixerunt,
1140 1759 1402 1832 profunde
1430 1779 1482 1812 se
1510 1757 1797 1826 inclinavit,

322 1842 467 1895 dicto
502 1840 785 1896 Offertorio
805 1882 818 1908 ‚
858 1837 1109 1911 depositis
1137 1836 1347 1890 Corona
1368 1879 1381 1905 ‚
1419 1851 1469 1888 et
1503 1835 1664 1906 Virga
1685 1878 1698 1903 ‚
1734 1834 1800 1887 ab

322 1916 434 1970 illas
463 1917 761 1970 tenentibus
788 1915 1089 1981 associatUS‚
1117 1911 1549 1986 praecedentibus
1576 1926 1801 1986 quatuor

322 1992 632 2064 Mazzeriis3
660 2012 783 2046 cum
814 1991 1116 2045 reverentiis
1143 1990 1352 2042 accessit
1382 1986 1447 2041 ad
1476 1986 1710 2056 Solium,
1750 2002 1800 2039 et

325 2069 619 2140 genuflexit.
650 2068 748 2121 lllo
775 2067 982 2120 interim
996 2065 1214 2121 Nobiles
1244 2065 1324 2117 sui
1353 2063 1590 2117 tulerunt
1617 2063 1800 2116 bacilia

324 2163 447 2199 curn
494 2144 669 2199 Calice
690 2187 704 2212 ‚
748 2159 801 2197 et
846 2144 1181 2216 paramentiS,
1209 2139 1640 2212 praecedentibus
1669 2138 1802 2192 duo-

325 2221 425 2275 bus
473 2221 747 2298 Mazz‘eriis
774 2264 788 2289 ,
841 2239 982 2294 quae
1021 2218 1195 2272 omnia
1242 2217 1367 2270 Dux
1419 2215 1613 2269 obtulit
1667 2216 1801 2269 Suae

328 2297 594 2351 Sanctitati
640 2317 762 2349 cum
808 2293 1195 2350 deosculatione
1242 2291 1570 2361 oblatorum,
1602 2307 1653 2344 et
1697 2310 1802 2344 ma-

328 2393 456 2443 nm,
484 2393 618 2448 quae
648 2373 1005 2427 Sanctissimus
1050 2371 1312 2426 Dominus
1356 2367 1623 2422 mandavit
1677 2387 1801 2421 con-

330 2508 447 2577 sfici,
480 2505 548 2552 nel
580 2507 760 2552 secondo
792 2507 859 2552 dei
893 2507 1009 2565 quali
1042 2506 1073 2550 il
1106 2508 1236 2551 Poeta
1269 2504 1308 2548 fa
1341 2503 1503 2562 parlare
1527 2501 1566 2546 la
1589 2503 1803 2546 Toscanat

393 2620 587 2664 Publica
618 2621 685 2674 rej
717 2621 902 2662 vetet-eis
925 2620 1153 2662 Hetrusca
1175 2619 1342 2676 recepit
1363 2616 1570 2660 honoreis
1592 2647 1605 2671 ‚

450 2681 602 2740 Regia
634 2681 900 2724 Porsennae
932 2679 1179 2723 Stemmate
1214 2679 1393 2723 Cosmus
1427 2675 1575 2720 habet.

397 2859 472 2903 Me
506 2859 642 2901 Ianus
673 2859 817 2901 tenuit
846 2861 1044 2916 primus,
1076 2859 1313 2902 Porsenna
1346 2853 1592 2911 secundus,

458 2919 633 2962 Tertius
664 2918 865 2961 hetrusca
899 2919 1079 2963 Cosmus
1110 2921 1159 2961 in
1190 2918 1294 2961 orbe
1326 2918 1458 2974 regit.
