2441 3841
1677 526 1745 578 232}

344 628 476 659 sentes
500 615 651 660 fuerint
671 649 681 669 9
704 616 765 657 uti
787 648 796 666 2
821 615 900 657 frui
922 649 934 670 ³
958 627 995 658 ct
1020 618 1198 671 gaudere
1238 616 1395 671 possint
1418 649 1428 669 e
1451 628 1490 658 et
1512 616 1714 669 debeant„
1736 632 1818 658 non

341 678 518 734 quidem
539 679 587 719 ad
612 675 782 718 illorum
808 677 956 727 instar,
976 688 1015 718 et
1034 677 1358 719 similitudinem
1376 709 1391 728 ,
1410 677 1480 719 sed
1515 676 1819 734 pariformiter,

341 753 465 782 were.
497 738 679 794 proprie,
711 748 748 778 et
784 737 937 792 absque
962 736 1045 777 ulla
1080 753 1245 794 prorsus
1268 737 1495 778 differentia
1513 769 1524 784 ,
1545 753 1627 778 non
1651 738 1816 778 obstan-

342 797 453 839 tibus
482 798 824 853 quibuscumque
849 798 1220 839 constitutionibus
1235 829 1246 850 ‚
1278 796 1440 851 legibus
1457 827 1468 849 ‚
1487 797 1821 840 ordinationibus

339 856 660 913 Imperialibus‚
683 872 728 898 ac
766 858 1101 912 provinciarum,
1133 858 1386 907 civitatum,
1418 868 1459 898 et
1492 855 1683 899 locorum
1711 873 1819 914 quo-

337 916 540 958 rumlibet
558 948 569 969 ‚
590 917 778 968 statutis,
795 927 836 957 et
864 916 1241 958 consuetudinibus
1263 950 1270 963 ,
1295 917 1418 957 ctiam
1443 918 1700 970 juramento,
1720 932 1820 959 con-

337 975 576 1018 firmatione
595 972 826 1031 Imperiali‚
848 973 912 1015 vel
947 977 1096 1031 quavis
1129 975 1327 1016 firmitate
1360 973 1436 1015 alia
1471 976 1699 1027 roboratis3
1731 978 1816 1032 pri-

335 1033 500 1088 vilegiis
531 1033 946 1091 quoque‚indultis,
980 1046 1020 1077 et
1052 1033 1358 1091 diplomatibus
1388 1033 1814 1092 Imperialibus‚qui-

331 1094 477 1135 busvis
509 1095 713 1150 personis,
747 1095 873 1135 etiam
899 1094 1088 1136 Ducibns
1106 1127 1117 1146 ,
1139 1096 1294 1151 quibus
1312 1097 1446 1138 forsan
1482 1093 1717 1151 imperiali,
1740 1109 1815 1139 aut

332 1154 482 1209 quavis
503 1152 579 1194 alia
602 1154 860 1197 authoritate
881 1168 1127 1198 concessum
1146 1156 1222 1208 sit⁷
1236 1156 1351 1212 quod
1373 1153 1603 1211 privilegiis
1622 1188 1629 1202 ‚
1662 1154 1813 1198 favon-

332 1213 424 1262 bus,
448 1214 788 1269 praeeminentiis
808 1247 816 1262 ‚
853 1225 893 1257 et
917 1216 1057 1270 gratiis
1080 1216 1130 1257 ad
1163 1216 1289 1257 instar
1320 1215 1573 1271 Magnorum
1606 1214 1776 1258 Ducum
1798 1249 1814 1269 ,

331 1273 508 1328 proinde
531 1290 578 1315 ac
612 1275 642 1316 si
665 1275 742 1330 ipsi
777 1275 919 1330 Magni
952 1275 1094 1318 Duces
1125 1274 1322 1329 realiter,
1355 1287 1396 1318 et
1430 1291 1530 1316 cum
1563 1274 1720 1317 effectu
1754 1293 1814 1318 es-

329 1345 444 1385 sent,
479 1335 571 1387 uti,
602 1347 644 1377 et
676 1335 856 1389 gaudere
889 1336 1048 1391 possint
1081 1337 1124 1377 in
1158 1353 1329 1390 genere,
1363 1335 1430 1378 vel
1466 1336 1505 1376 in
1553 1337 1691 1391 specie
1734 1338 1811 1378 sub

328 1394 673 1451 quibuscumque
712 1395 927 1437 tenoribus
944 1427 956 1448 ‚
987 1406 1028 1438 et
1049 1395 1194 1438 formis
1213 1427 1225 1448 ‚
1259 1408 1301 1438 et
1321 1412 1418 1437 cum
1444 1397 1662 1452 quibusvis
1683 1398 1811 1439 ctiam

329 1454 622 1509 derogatoriis‚
643 1467 683 1497 et
698 1466 1099 1512 quantumcumque
1121 1456 1411 1498 efficacissimis
1431 1453 1631 1497 clausulis
1646 1488 1655 1505 ,
1676 1468 1715 1498 et
1737 1459 1807 1499 de-

327 1514 447 1555 cretis
466 1545 475 1560 ‚
510 1514 838 1572 quomodolibet
875 1518 1096 1564 concessis,
1132 1515 1416 1565 confirmatis,
1441 1527 1482 1557 et
1503 1518 1712 1564 innovatis
1749 1533 1810 1561 ec.

326 1572 544 1616 Volumus
569 1585 709 1618 tamen
728 1607 740 1627 ‚
764 1576 879 1632 quod
921 1576 1025 1618 haec
1047 1577 1258 1625 concessio
1295 1577 1473 1618 minime
1512 1576 1659 1618 debeat
1692 1591 1810 1633 prav-

324 1633 681 1689 iudicarejuribus
694 1639 1004 1692 cujuscumque
1019 1637 1327 1692 praetendentis
1341 1636 1580 1677 dominium
1602 1651 1728 1691 super
1750 1639 1809 1680 di-

321 1693 400 1734 ctis
421 1692 522 1736 locis
538 1726 552 1744 ,
572 1707 613 1735 et
639 1707 688 1736 ut
707 1711 831 1751 porro
848 1694 960 1737 salva
982 1697 1034 1736 sit
1057 1697 1328 1751 superioritas
1351 1706 1483 1737 nostra
1498 1728 1509 1745 ‚
1530 1695 1643 1737 Sacri
1668 1698 1809 1754 Impe-

323 1753 390 1803 rii,
412 1764 485 1794 aut
509 1753 734 1807 cujuslibet
759 1753 944 1807 alterius,
962 1766 1090 1810 atque
1112 1756 1274 1808 omnia,
1297 1768 1337 1797 et
1354 1755 1513 1807 singula
1534 1757 1808 1810 interpreten-

324 1822 396 1852 tur
419 1814 460 1854 in
494 1812 683 1856 favorem
714 1814 851 1856 dictae
882 1812 1088 1858 Familiae
1121 1815 1361 1858 Mediceae.
1386 1813 1505 1855 Nulli
1539 1832 1635 1872 ergo
1668 1816 1808 1860 homi-

320 1886 426 1914 num
445 1871 567 1914 liceat
591 1889 650 1916 ec.

378 1932 541 1974 Datum
566 1934 608 1975 in
639 1934 824 1978 civitate
857 1946 995 1976 nostra
1015 1933 1204 1977 Viennae
1227 1935 1296 1978 die
1320 1937 1387 1979 26.
1412 1936 1498 1977 Ian.
1521 1935 1644 1977 Anno
1674 1935 1803 1981 Dom‚

324 1995 439 2051 1576
468 2027 476 2042 ,
494 1994 741 2048 Regnorum
766 2006 1002 2036 nostrorum
1028 1996 1209 2038 Romani
1234 1995 1402 2038 decimo
1426 2008 1577 2053 quarto
1595 2029 1608 2052 ,
1628 1997 1803 2053 Hunga-

320 2053 394 2093 rici
416 2053 584 2096 decimo
609 2055 734 2097 tertio
748 2086 761 2108 ‚
780 2054 999 2097 Bohemici
1020 2056 1226 2110 vigesimo
1248 2057 1431 2112 septimo
1448 2090 1456 2100 .

378 2168 452 2230 (5)
484 2171 600 2215 Altre
633 2174 718 2216 due
750 2173 866 2218 volte
897 2189 964 2216 era
997 2184 1104 2215 stato
1125 2174 1297 2216 Cosimo
1321 2174 1362 2215 in
1383 2175 1544 2218 Roma.
1582 2177 1641 2217 La
1666 2178 1803 2234 prima

320 2231 432 2275 volta
467 2232 534 2275 nel
567 2234 706 2290 primo
738 2251 847 2276 anno
880 2233 947 2275 del
970 2234 1223 2276 Pontificato
1245 2234 1288 2275 di
1313 2233 1533 2277 Clemente
1560 2251 1646 2289 vu,
1666 2254 1800 2294 quan-

319 2291 375 2332 do
410 2308 556 2334 ancora
591 2310 692 2337 avea
723 2295 852 2351 pochi
884 2290 979 2336 anni
1000 2327 1007 2345 ,
1034 2312 1056 2338 e
1077 2295 1118 2337 vi
1140 2293 1187 2336 su
1208 2306 1358 2336 tenuto
1383 2311 1457 2351 per
1488 2294 1669 2352 qualche
1690 2313 1798 2353 poco

318 2351 360 2393 di
389 2363 560 2410 tempo,
581 2370 604 2396 e
623 2369 702 2395 con
724 2371 812 2397 esso
830 2355 872 2397 vi
896 2356 927 2396 si
949 2366 1174 2397 trovarono
1206 2353 1415 2411 Ippolito‚
1439 2355 1517 2398 che
1539 2357 1609 2412 poi
1633 2356 1681 2408 fu
1703 2360 1802 2399 Car-

321 2411 483 2466 dinale,
518 2411 784 2464 Alessandro‚
819 2414 897 2457 che
929 2415 1111 2457 divenne
1144 2415 1283 2472 primo
1315 2414 1437 2457 Duca
1470 2416 1512 2457 di
1545 2416 1746 2469 Firenze,
1779 2437 1801 2462 e

321 2473 531 2525 caterina,
547 2473 625 2515 che
648 2473 695 2516 fu
720 2476 790 2532 poi
812 2476 969 2530 Regina
992 2475 1034 2516 di
1057 2475 1243 2518 Francia.
1263 2475 1323 2516 La
1347 2476 1524 2519 seconda
1549 2475 1662 2519 volta
1683 2480 1724 2519 vi
1749 2478 1797 2521 su

317 2531 386 2574 nel
427 2536 536 2578 1560
557 2534 808 2577 richiamato
832 2535 899 2576 dal
919 2535 1099 2579 Sommo
1124 2534 1340 2578 Pontefice
1363 2536 1437 2578 Pio
1457 2553 1500 2578 ιν
1527 2552 1602 2593 per
1632 2538 1801 2580 consul-

315 2590 421 2634 tarlo
444 2593 487 2635 in
511 2594 623 2637 affari
647 2596 689 2637 di
715 2611 879 2637 somma
901 2597 1186 2652 importanza‚
1208 2611 1330 2638 come
1352 2596 1384 2637 si
1408 2595 1495 2637 dira
1519 2612 1625 2653 poco
1659 2598 1772 2656 dopo
1789 2634 1797 2644 .

312 2651 412 2694 Don
435 2653 622 2710 Ippolito
655 2655 890 2699 Chizzuola
924 2657 968 2696 in
989 2671 1072 2697 una
1106 2671 1178 2697 sua
1213 2654 1358 2698 lettera
1390 2656 1433 2698 in
1467 2657 1561 2699 data
1595 2658 1636 2699 di
1661 2658 1798 2702 Roma

312 2711 380 2754 dei
412 2716 462 2758 15
482 2714 711 2759 Dicembre
737 2720 846 2763 1560
869 2734 891 2759 a
922 2715 1137 2759 Giovanni
1164 2714 1392 2769 Gavardo,
1412 2718 1613 2774 riportata
1647 2718 1713 2760 nel
1743 2720 1797 2761 Τ;

312 2786 375 2813 111.
400 2771 510 2816 delle
536 2775 715 2819 Lenere
733 2778 812 2820 dei
836 2779 1047 2833 Principi
1072 2793 1164 2833 pag.
1193 2794 1290 2820 212.
1312 2788 1340 2819 t.
1361 2778 1560 2833 impresse
1581 2779 1622 2818 in
1650 2781 1795 2822 Vene-

314 2834 389 2872 zia
405 2849 487 2887 per
507 2837 755 2880 Francesco
789 2839 947 2881 Zilem'
973 2840 1020 2879 ίη
1045 2837 1085 2890 4,
1108 2836 1148 2878 le
1183 2854 1324 2879 nuove
1357 2838 1518 2879 adduce
1551 2853 1685 2894 sparse
1721 2843 1804 2894 per'

314 2890 474 2943 Roma,
508 2910 580 2949 per
612 2897 679 2936 rui
715 2912 790 2936 con
828 2909 938 2938 tanta
972 2912 1168 2952 premura
1187 2930 1194 2945 ,
1215 2914 1236 2937 e
1260 2908 1491 2949 segretezza
1527 2896 1573 2937 fu
1592 2896 1681 2938 cola
1708 2897 1790 2951 egli

310 2950 576 2997 richianmto,
613 2955 787 2999 Profitto
820 2955 899 3010 egli
922 2955 964 2996 di
995 2967 1142 3011 questa
1168 2959 1382 2998 occasione
1406 2973 1478 3012 per
1499 2957 1674 3013 prender
1698 2973 1791 3012 pos-

311 3024 417 3052 sesso
449 3012 491 3054 di
524 3012 647 3057 Sicna
687 3016 738 3060 (la
782 3032 870 3060 csso
914 3017 1177 3072 conquistata
1218 3015 1331 3072 dopo
1372 3032 1454 3058 una
1496 3018 1790 3061 ostinatissima
