2441 3841
657 533 729 597 3⁶40

574 621 882 679 Ludovicus
906 622 1208 682 Madrutius
1236 629 1343 684 Tit.
1372 632 1421 685 S.
1450 626 1752 703 Honuphrii

572 696 616 748 F
621 701 875 754 ranciscus
902 701 1129 757 Alciatus
1157 705 1263 759 Tit.
1294 709 1344 761 S.
1374 709 1632 761 Susannae

568 772 922 848 Hieronymus
950 780 1294 835 Simoncellus
1322 785 1409 838 SS.
1441 783 1686 852 Comme,
1706 797 1757 836 et
1778 782 2025 839 Damiani}

566 848 611 903 F
614 851 932 908 erdinandus
962 856 1196 910 Medices
1223 856 1309 933 (9)
1336 862 1385 914 S.
1408 860 1600 912 Mariae
1627 860 1680 911 in
1704 860 1960 914 Domniea

564 926 787 982 Joannes
814 931 1006 985 Paulus
1034 934 1100 986 ab
1128 934 1356 988 Ecclesia
1387 937 1436 989 S.
1466 936 1723 989 pancratii

563 1002 692 1057 Rev.
725 1005 1016 1062 Cardinalis
1054 1009 1288 1064 Sabellus
1333 1010 1614 1067 celebravit
1657 1012 1870 1066 Missam

641 1081 839 1136 Omnes
878 1104 1022 1139 num.
1060 1107 1226 1140 xxxlx.

637 1155 740 1210 Die
768 1160 951 1212 Lunae
988 1163 1067 1215 13.
1097 1161 1224 1216 dieti
1253 1163 1439 1216 mensis
1459 1163 1679 1234 Magnus
1697 1163 1822 1217 Dux
1839 1163 2032 1217 Hetru«

558 1230 665 1284 riae
694 1237 897 1289 recessit
924 1237 989 1290 ab
1016 1238 1163 1293 Vrbe
1189 1237 1506 1292 Florentiam
1533 1236 1616 1313 (a)
1643 1241 1915 1311 petiturus..

619 1385 693 1438 (a)
725 1384 763 1426 A
794 1385 836 1428 di
872 1404 941 1432 21.
972 1389 1117 1431 Marzo
1148 1390 1304 1433 rientro
1336 1390 1379 1431 in
1413 1389 1589 1433 Firenze
1613 1390 1656 1431 in
1681 1406 1829 1434 mezzo
1852 1388 1933 1446 agli
1955 1405 2029 1448 ap-

550 1441 716 1501 ‚plausiz
740 1446 895 1504 quibus
918 1449 1122 1491 laetitiae
1138 1480 1150 1502 ,
1171 1460 1213 1491 et
1230 1451 1586 1507 gratulationum
1608 1451 2035 1508 significationibus,

554 1509 640 1547 cosi
671 1505 763 1548 dice
795 1503 827 1547 il
858 1506 904 1550 P.
929 1507 1060 1551 Bruni
1094 1507 1202 1551 nella
1236 1510 1322 1552 vita
1354 1510 1397 1551 di
1430 1509 1601 1550 Cosimo
1626 1526 1647 1551 a
1667 1525 1772 1569 pag.
1793 1510 2030 1562 388.‚Ma·

550 1580 688 1621 gnum
709 1567 885 1609 Ducem
918 1584 1044 1611 suum
1068 1569 1218 1611 Roma
1238 1580 1532 1612 revertentem
1555 1576 1819 1628 exceperint
1841 1572 2028 1615 Floren-

554 1627 664 1679 tini,
698 1642 826 1669 nemo
859 1631 968 1669 satis
999 1630 1236 1686 explicare
1264 1632 1455 1686 polerit,
1489 1645 1587 1671 cum
1620 1642 1754 1674 extra
1776 1646 1924 1673 muros
1957 1630 2026 1685 ef-

537 1685 642 1740 fusi
674 1688 1082 1747 omne59faclique
1113 1690 1314 1741 obviam,
1346 1691 1462 1732 nihil
1493 1692 1760 1742 omiserint,
1793 1701 1841 1732 ut
1874 1692 1916 1731 ei
1943 1706 2025 1746 ap-

547 1744 850 1803 plauderent,
881 1764 981 1789 eum
1013 1750 1256 1792 Parencem
1290 1752 1527 1806 optimum,
1560 1751 2025 1807 amplificatoremque

550 1808 802 1848 maximum
830 1810 977 1863 patrii
999 1808 1253 1863 splendoris
1268 1809 1611 1863 praedicarent.
1632 1809 1709 1852 Cio
1728 1809 1924 1850 combina
1945 1824 2025 1849 con

549 1876 711 1922 quanto
743 1881 797 1908 ne
832 1866 939 1909 disse
972 1867 1113 1909 avanti
1147 1867 1190 1909 di
1223 1865 1286 1907 lui
1314 1865 1342 1907 il
1363 1867 1514 1923 Lapini
1547 1866 1612 1910 nel
1645 1883 1722 1910 suo
1746 1870 1914 1910 Diario
1946 1884 2023 1909 ms.

549 1924 602 1967 A
634 1924 685 1967 di
726 1927 790 1969 13.
824 1925 877 1967 di
919 1928 1079 1973 Marzo
1132 1929 1256 1985 1563.
1303 1929 1349 1969 in
1385 1927 1563 1971 Sabaco
1595 1931 1633 1970 si
1660 1930 1786 1986 parti
1820 1930 1855 1970 il
1888 1927 2024 1972 Gran

548 1986 687 2028 Daca
719 2000 800 2027 con
834 1997 949 2028 tutta
981 1988 1030 2028 la
1063 2003 1143 2028 sua
1179 1987 1313 2030 Corte
1346 1985 1397 2028 di
1431 1988 1580 2030 Roma
1618 2005 1702 2044 per
1733 1991 1782 2030 la
1815 1989 1936 2030 volta
1969 1987 2023 2028 di

547 2044 691 2088 Siena
723 2060 803 2086 sua
840 2047 988 2094 Cittc'z,
1021 2057 1064 2088 et
1090 2049 1169 2103 poi
1200 2046 1251 2087 di
1283 2047 1497 2090 Firenze.
1532 2047 1681 2091 Entro
1723 2049 1772 2090 in
1814 2047 1956 2090 Siena
1988 2063 2025 2088 a*

547 2103 599 2146 di
635 2119 702 2162 27.
737 2105 861 2147 detto
894 2108 942 2146 in
978 2104 1183 2149 Vener-di
1199 2136 1210 2157 ,
1243 2116 1286 2147 et
1309 2108 1343 2147 li
1367 2116 1495 2148 stelle
1512 2138 1524 2160 9
1546 2117 1590 2147 et
1614 2107 1790 2150 dimorb
1814 2118 1879 2148 tre
1899 2109 2023 2163 gior-

547 2166 597 2205 m'
629 2166 777 2207 interi.
813 2166 1012 2208 Parlissi
1044 2165 1096 2206 di
1127 2164 1271 2208 Siena
1303 2181 1332 2207 a
1366 2165 1415 2208 di
1454 2182 1523 2210 21·
1556 2164 1681 2209 detto
1712 2169 1755 2209 in
1792 2165 2018 2220 Marcedi,

546 2234 590 2266 ec
621 2226 669 2266 la
703 2240 804 2266 sera
839 2225 892 2267 di
926 2224 1049 2268 detto
1083 2224 1134 2267 di
1169 2227 1294 2267 entre
1329 2227 1375 2266 in
1407 2228 1600 2269 Firenze
1631 2243 1659 2268 a
1694 2227 1736 2268 Ie
1767 2241 1842 2268 ore
1880 2227 1948 2269 23.
1971 2228 2020 2268 in

544 2286 670 2327 circa
703 2300 838 2327 senza
866 2301 1036 2344 pompa
1069 2287 1259 2337 alcuna,
1293 2301 1367 2326 ma
1401 2302 1482 2328 con
1515 2301 1633 2343 gran
1669 2287 1802 2330 Corte
1831 2301 1920 2340 pur
1958 2285 2017 2329 de

544 2361 649 2398 sua,
679 2355 721 2386 ec
753 2344 806 2386 di
837 2349 948 2389 altri
983 2345 1315 2390 Genu'luomini
1346 2347 1622 2399 Fz‘orentini,
1643 2347 1721 2388 che
1741 2361 1881 2388 erano
1914 2348 2016 2387 itia

545 2407 840 2448 incontrarlo.
872 2406 918 2447 In
949 2410 981 2448 si
1013 2403 1114 2447 satta
1149 2407 1398 2447 circostanza
1431 2406 1663 2448 Tommaso
1685 2401 1929 2452 Batoneelli,
1956 2415 2017 2446 at-

545 2465 822 2507 taceatissimo
855 2482 875 2507 a
909 2465 1081 2509 Cosimo
1113 2466 1142 2507 Ι.
1177 2466 1228 2507 ed
1250 2463 1358 2506 alui
1391 2477 1700 2507 sommamente
1731 2479 1850 2517 caro,
1883 2479 2016 2506 essen-

535 2525 633 2566 ·dosi
668 2538 806 2569 recato
839 2526 890 2568 ad
926 2524 1182 2568 incontrarlo
1215 2524 1327 2567 fuori
1361 2524 1469 2568 della
1502 2527 1626 2567 Porta
1651 2526 1864 2576 Romana,
1898 2534 2013 2566 tanta

541 2585 591 2627 su
623 2584 894 2641 Pallegrezza,
930 2603 952 2629 e
984 2585 1022 2627 la
1056 2586 1192 2640 gioja,
1225 2585 1303 2628 che
1334 2590 1466 2642 provo
1498 2583 1565 2628 nel
1586 2584 1776 2627 rivedere
1800 2583 1830 2624 il
1851 2598 1928 2625 suo
1948 2582 2014 2625 Si-

541 2663 668 2701 gnore
692 2647 805 2689 einto
837 2648 878 2689 di
914 2657 1026 2687 tanta
1058 2642 1213 2701 gloria,
1253 2644 1332 2688 che
1372 2645 1501 2688 cadde
1540 2645 1584 2686 in
1630 2645 1943 2694 isvenimento,
1987 2661 2010 2686 e

539 2707 668 2764 pochi
704 2707 907 2750 momenti
940 2708 1054 2762 dopo
1086 2722 1128 2747 se
1161 2722 1212 2749 ne
1245 2709 1352 2746 mori
1384 2720 1464 2747 con
1495 2702 1738 2750 incredibile
1778 2703 2010 2760 dispiacere

541 2766 609 2812 del
641 2767 911 2820 Gran-duca,
944 2783 966 2810 e
998 2765 1041 2809 di
1075 2775 1186 2808 tutta
1219 2762 1257 2806 la
1291 2764 1430 2808 Corte.

1158 2957 1393 2978 &OQ-
