2441 3841
641 519 717 587 34.

568 626 617 665 et
647 608 713 665 ad
741 608 1111 684 Imperatorem
1141 610 1398 681 spectabat
1426 607 1558 662 illud
1590 629 1762 681 agere,
1802 625 1852 664 et
1886 611 2032 687 quod

567 684 778 739 nullum
797 682 943 738 fieret
964 685 1345 757 praejudicium
1367 688 1416 740 S.
1439 687 1500 740 C.
1523 686 1802 757 Majestati‚
1823 684 1940 740 alias
1959 706 2033 741 ee.

566 763 883 816 Procurator
911 760 1123 815 fiscalis
1150 761 1305 832 dixit,
1326 761 1470 837 quod
1494 783 1599 814 non
1620 760 1888 814 audiretur
1906 763 2035 815 Ora-

566 853 648 891 tor
676 836 995 910 praedictus,
1024 838 1121 891 nisi
1149 854 1407 892 constaret
1435 838 1502 891 de
1523 837 1752 910 legitimo
1773 836 2034 891 Mandata

567 910 654 967 Ad
683 934 815 988 quae
845 913 1111 985 respondit
1137 915 1245 987 ipse
1276 914 1472 969 Orator
1493 959 1505 983 ‚
1546 912 1694 988 quod
1720 912 1942 967 habebat
1977 912 2039 964 li-

567 1005 698 1043 teras
727 993 860 1044 Suae
891 990 1173 1060 Majestatis
1216 990 1652 1066 aequipollentes,
1691 1005 1743 1042 et
1779 990 1935 1061 petita
1953 1009 2036 1042 co-

570 1066 654 1138 pia
682 1064 810 1118 dixit
838 1085 890 1118 se
921 1065 1057 1118 nolle
1085 1065 1206 1119 dare
1234 1068 1306 1136 ei,
1333 1066 1425 1120 sed
1453 1065 1575 1119 dare
1604 1068 1692 1120 SS.
1722 1066 1969 1131 Domino,
1998 1064 2039 1117 si

571 1140 731 1195 vellet
760 1161 889 1194 eam.
920 1143 1008 1195 SS.
1039 1162 1164 1195 vero
1193 1143 1454 1196 Dominus
1483 1162 1589 1195 non
1618 1141 1762 1213 petiit
1783 1185 1796 1208 ,
1824 1140 1914 1194 secl
1943 1141 2039 1192 im-

573 1219 748 1288 posuit
768 1217 1121 1290 praesentibus
1140 1219 1213 1273 ibi
1231 1218 1520 1287 silentium,
1541 1238 1604 1270 ne
1632 1215 1832 1290 aliquid
1859 1216 2044 1291 loque-

574 1307 758 1344 rentur
784 1293 851 1345 de
870 1291 1008 1345 dicta
1024 1295 1389 1349 protestatione
1408 1292 1516 1370 (a),
1544 1309 1596 1346 et
1622 1291 1751 1345 dixit
1771 1291 1918 1365 quod
1937 1311 2043 1344 non

576 1367 756 1438 agebat
775 1412 789 1438 ,
817 1387 914 1421 nec
943 1387 1109 1439 ageret
1129 1415 1143 1440 ,
1169 1371 1268 1423 nisi
1297 1370 1443 1445 quod
1472 1383 1673 1442 poterat
1699 1367 1941 1439 legitime.

579 1537 622 1578 in
654 1552 830 1594 persona
862 1539 896 1580 il
927 1539 1061 1595 Papae
1094 1538 1131 1580 E
1164 1549 1280 1581 tanto
1314 1537 1398 1596 egli
1429 1542 1451 1581 ὲ
1484 1553 1583 1581 vero
1615 1536 1738 1596 quel,
1769 1535 1850 1578 che
1882 1535 2048 1577 abbiam

578 1599 717 1652 detto,
752 1598 830 1641 che
862 1597 893 1640 il
923 1598 1036 1656 Papa
1068 1599 1204 1655 giusta
1239 1597 1492 1642 '’asserzione
1521 1598 1589 1641 del
1613 1601 1769 1640 Catena
1791 1594 1898 1639 nella
1921 1596 1962 1637 di
1983 1594 2046 1637 lui

576 1660 667 1701 Vita
685 1673 823 1716 apag·
854 1679 869 1704 1
886 1677 949 1717 19·
974 1675 1062 1703 non
1078 1663 1178 1715 Ραὶὶ
1200 1660 1360 1717 ch'egli
1376 1662 1528 1716 prima
1551 1659 1677 1701 desse
1701 1661 1847 1700 awviso
1869 1657 2047 1698 allffm·

575 1730 813 1778 peratore,
846 1723 900 1762 ηὲ
933 1721 984 1761 al
1015 1721 1085 1762 Re
1116 1719 1170 1762 di
1191 1720 1403 1778 Spagna,
1423 1723 1476 1762 ne
1499 1718 1801 1761 dell’andata
1833 1733 1862 1758 a
1884 1718 2047 1769 Roma,

581 1782 636 1821 ηὲ
670 1779 798 1820 della
832 1780 1170 1831 Coronazione‚
1199 1779 1456 1836 perciocclze
1491 1779 1651 1821 diceva
1686 1779 1796 1830 Pio,
1838 1777 1918 1819 che
1961 1792 2046 1832 per

582 1839 891 1882 l'emulazione
923 1838 1047 1894 degli
1078 1840 1191 1879 altri
1224 1840 1431 1894 Prineipi
1462 1854 1517 1880 ne
1553 1837 1770 1880 sarebbon
1795 1838 2048 1888 molestati,

582 1915 612 1940 a
629 1898 708 1956 fin
739 1899 818 1940 clze
850 1914 1051 1941 ave-ssero
1085 1897 1306 1953 impedita
1331 1914 1361 1939 a
1395 1898 1464 1939 lor
1492 1908 1646 1954 potere
1680 1898 1832 1954 quella
1866 1898 2049 1947 azione,

582 1958 631 2001 la
662 1959 797 2015 quale
828 1974 907 2000 era
937 1959 1128 2015 propria
1161 1957 1288 1999 della
1322 1956 1445 2000 Sede
1485 1954 1784 2014 Apostolica‚
1811 1973 1895 2014 per
1930 1958 2046 1998 rico-

586 2032 765 2062 noscere
789 2020 835 2059 in
869 2021 904 2060 si
925 2019 1060 2073 satta
1093 2019 1293 2060 meniera
1327 2019 1343 2057 i
1374 2017 1648 2060 benemeriti.

644 2077 721 2135 (a)
753 2074 987 2120 Convalide)
1020 2077 1063 2117 in
1094 2077 1259 2132 seguito
1292 2074 1447 2132 l'Imp.‚
1478 2076 1650 2132 quando
1675 2080 1775 2133 pero
1795 2076 1859 2131 gia
1882 2076 1913 2118 il
1935 2084 2050 2116 tutto

583 2151 650 2181 era
681 2137 868 2191 seguito,
899 2134 938 2177 la
969 2136 1156 2179 Protesta
1195 2133 1265 2178 del
1304 2150 1382 2176 suo
1416 2138 1593 2178 Oratore
1638 2151 1718 2177 con
1754 2135 1857 2178 altra
1888 2135 1955 2178 del
1989 2149 2050 2175 se·

575 2208 741 2253 ‚guente
773 2208 940 2240 tenore:
973 2197 1063 2238 Die
1084 2213 1211 2240 xxzx.
1237 2195 1397 2238 Martii
1421 2213 1589 2239 MDLxx.
1612 2197 1660 2239 in
1688 2197 1906 2240 Conelavi
1927 2196 2052 2240 Suae

586 2259 843 2301 Caesareae
861 2256 1140 2312 lllajestatis‚
1158 2272 1325 2313 magna
1334 2257 1605 2313 frequentia
1625 2272 1893 2299 summorum
1913 2258 1962 2301 V
1959 2259 2051 2299 iro-

585 2334 684 2360 rum
705 2351 712 2366 ,
736 2319 835 2372 ipsa
864 2319 1140 2373 potissimum
1163 2315 1422 2360 Serenitate
1443 2315 1757 2359 Archiducali
1791 2319 2024 2359 assistente
2038 2343 2050 2366 ‚

584 2379 774 2433 aliisque
800 2375 1087 2433 M'agnatibus
1107 2377 1439 2431 praesentibus,
1461 2376 1572 2417 lzaec
1597 2377 1724 2432 infra
1746 2386 1904 2417 notata
1929 2386 2053 2426 acta,

585 2448 628 2479 et
652 2437 778 2479 dicta
801 2447 928 2488 sanc,
951 2439 1073 2478 circa
1094 2437 1252 2479 horam
1275 2439 1405 2494 quasi
1425 2449 1591 2478 nonam
1611 2434 2049 2478 antemeridianam.

586 2497 790 2539 Primum
812 2497 859 2537 in
884 2495 993 2538 haec
1013 2497 1154 2539 ‘verba
1177 2507 1359 2539 exortus
1382 2506 1446 2539 est
1472 2497 1679 2539 Caesaris
1716 2496 1828 2540 Vice
1859 2495 2047 2538 Cancel-

586 2557 731 2598 Iarius
756 2557 884 2598 Domv
912 2556 1075 2598 Zasius
1093 2589 1102 2606 ,
1124 2560 1340 2614 quoniam
1377 2555 1526 2600 Sacra
1551 2554 1782 2598 Caesarea
1806 2555 2022 2610 Majescas
2041 2587 2052 2604 ,

586 2617 811 2659 Dominus
844 2628 990 2658 noster
1028 2618 1394 2659 elementissimus
1430 2615 1487 2656 ab
1515 2617 1710 2660 Oratore
1745 2631 1821 2656 suo
1854 2616 1901 2656 in
1930 2616 1978 2657 V
1974 2614 2052 2658 rhe

586 2676 801 2718 Romana
821 2676 1045 2718 residente
1064 2676 1366 2731 superioribus
1385 2674 1542 2716 diebus
1556 2676 1756 2732 cognovit
1775 2676 1897 2716 circa
1913 2690 2049 2729 prae·

589 2746 763 2776 tensam
789 2737 1207 2791 inaugurationem,
1228 2745 1270 2776 et
1294 2735 1650 2778 coronationem
1692 2736 1854 2776 asserti
1891 2734 2054 2791 [11αὲζηί

586 2796 732 2838 Dacis
753 2794 1000 2836 Hetruriae
1020 2796 1161 2836 multa
1182 2793 1349 2837 ibidem
1353 2794 1496 2849 facta
1511 2824 1523 2846 ‚
1545 2805 1587 2836 et
1622 2805 1747 2852 gesta
1781 2809 1872 2836 esse
1889 2825 1902 2847 ‚
1936 2810 2053 2852 quae

590 2857 682 2911 ejus
700 2855 919 2911 ssIajestas
941 2853 1243 2910 deprehendit
1264 2856 1312 2895 in
1331 2852 1511 2895 evidens
1527 2884 1540 2906 ‚
1558 2870 1772 2896 summum
1788 2886 1799 2907 ‚
1830 2865 1873 2895 et
1910 2858 2055 2896 mani-

580 2915 754 2970 festum
772 2930 910 2966 suum,
934 2925 975 2955 et
985 2913 1032 2958 S.
1046 2915 1101 2955 R.
1116 2913 1314 2970 Imperii,
1332 2924 1464 2971 atque
1483 2913 1603 2957 adeo
1622 2914 1934 2958 successorum
1954 2929 2053 2955 suo·

592 2990 692 3018 rum
701 2975 1012 3018 Romanorum
1037 2974 1383 3033 Imperatorum,
1400 2983 1442 3016 et
1461 2974 1634 3032 Regum
1637 2974 1902 3031 futurorum
1920 2988 2058 3032 prae.-
