<?xml version="1.0" encoding="UTF-8"?>
<!DOCTYPE html PUBLIC "-//W3C//DTD XHTML 1.0 Transitional//EN"
    "http://www.w3.org/TR/xhtml1/DTD/xhtml1-transitional.dtd">
<html xmlns="http://www.w3.org/1999/xhtml" xml:lang="en" lang="en">
 <head>
  <title>
</title>
<meta http-equiv="Content-Type" content="text/html;charset=utf-8" />
  <meta name='ocr-system' content='tesseract 3.04.00' />
  <meta name='ocr-capabilities' content='ocr_page ocr_carea ocr_par ocr_line ocrx_word'/>
</head>
<body>
  <div class='ocr_page' id='page_1' title='image "./dellasolenneinco00firm_0091.png"; bbox 0 0 2441 3841; ppageno 0'>
   <div class='ocr_carea' id='block_1_1' title="bbox 332 509 1853 2863">
    <p class='ocr_par' dir='ltr' id='par_1_1' title="bbox 1708 509 1771 546">
     <span class='ocr_line' id='line_1_1' title="bbox 1708 509 1771 546; baseline 0.032 -2"><span class='ocrx_word' id='word_1_1' title='bbox 1708 511 1725 544; x_wconf 89' lang='grc' dir='ltr'><strong>Ι</strong></span> <span class='ocrx_word' id='word_1_2' title='bbox 1742 509 1771 546; x_wconf 64' lang='grc' dir='ltr'>ζ)</span> 
     </span>
    </p>

    <p class='ocr_par' dir='ltr' id='par_1_2' title="bbox 332 549 1853 2863">
     <span class='ocr_line' id='line_1_2' title="bbox 463 549 1849 640; baseline 0.026 -38"><span class='ocrx_word' id='word_1_3' title='bbox 463 549 568 605; x_wconf 88' lang='lat' dir='ltr'>Die</span> <span class='ocrx_word' id='word_1_4' title='bbox 603 552 872 612; x_wconf 71' lang='lat' dir='ltr'>Dominica</span> <span class='ocrx_word' id='word_1_5' title='bbox 911 561 972 616; x_wconf 91' lang='grc' dir='ltr'>Π.</span> <span class='ocrx_word' id='word_1_6' title='bbox 1012 565 1449 640; x_wconf 80' lang='lat' dir='ltr'>Quadragesimae</span> <span class='ocrx_word' id='word_1_7' title='bbox 1487 587 1590 633; x_wconf 77' lang='lat' dir='ltr'><strong>xlx&#39;.</strong></span> <span class='ocrx_word' id='word_1_8' title='bbox 1621 578 1849 636; x_wconf 80' lang='lat' dir='ltr'>Februa-</span> 
     </span>
     <span class='ocr_line' id='line_1_3' title="bbox 381 624 1849 717; baseline 0.026 -42"><span class='ocrx_word' id='word_1_9' title='bbox 381 624 444 677; x_wconf 76' lang='lat' dir='ltr'>rii</span> <span class='ocrx_word' id='word_1_10' title='bbox 474 647 681 684; x_wconf 84' lang='lat' dir='ltr'>summo</span> <span class='ocrx_word' id='word_1_11' title='bbox 710 653 860 688; x_wconf 85' lang='lat' dir='ltr'>mane</span> <span class='ocrx_word' id='word_1_12' title='bbox 891 637 962 691; x_wconf 73' lang='lat' dir='ltr'>ivi</span> <span class='ocrx_word' id='word_1_13' title='bbox 991 640 1055 692; x_wconf 81' lang='lat' dir='ltr'>ad</span> <span class='ocrx_word' id='word_1_14' title='bbox 1086 643 1374 717; x_wconf 74' lang='lat' dir='ltr'>Palatium,</span> <span class='ocrx_word' id='word_1_15' title='bbox 1410 667 1459 704; x_wconf 86' lang='lat' dir='ltr'>et</span> <span class='ocrx_word' id='word_1_16' title='bbox 1487 652 1585 707; x_wconf 86' lang='lat' dir='ltr'>fuit</span> <span class='ocrx_word' id='word_1_17' title='bbox 1614 656 1738 710; x_wconf 85' lang='lat' dir='ltr'>mihi</span> <span class='ocrx_word' id='word_1_18' title='bbox 1768 660 1849 712; x_wconf 88' lang='lat' dir='ltr'>di-</span> 
     </span>
     <span class='ocr_line' id='line_1_4' title="bbox 380 707 1853 802; baseline 0.026 -49"><span class='ocrx_word' id='word_1_19' title='bbox 380 716 551 772; x_wconf 81' lang='lat' dir='ltr'>ctum,</span> <span class='ocrx_word' id='word_1_20' title='bbox 580 707 725 780; x_wconf 85' lang='lat' dir='ltr'>quod</span> <span class='ocrx_word' id='word_1_21' title='bbox 757 713 994 766; x_wconf 83' lang='lat' dir='ltr'>veniente</span> <span class='ocrx_word' id='word_1_22' title='bbox 1023 719 1112 772; x_wconf 88' lang='lat' dir='ltr'>SS.</span> <span class='ocrx_word' id='word_1_23' title='bbox 1134 721 1366 776; x_wconf 83' lang='lat' dir='ltr'>Domino</span> <span class='ocrx_word' id='word_1_24' title='bbox 1394 726 1459 779; x_wconf 88' lang='lat' dir='ltr'>ad</span> <span class='ocrx_word' id='word_1_25' title='bbox 1489 730 1727 802; x_wconf 83' lang='lat' dir='ltr'>Missam,</span> <span class='ocrx_word' id='word_1_26' title='bbox 1759 757 1853 799; x_wconf 83' lang='lat' dir='ltr'><strong>vo·.</strong></span> 
     </span>
     <span class='ocr_line' id='line_1_5' title="bbox 378 783 1847 872; baseline 0.027 -44"><span class='ocrx_word' id='word_1_27' title='bbox 378 796 547 833; x_wconf 67' lang='lat' dir='ltr'>mrem</span> <span class='ocrx_word' id='word_1_28' title='bbox 577 783 827 855; x_wconf 81' lang='lat' dir='ltr'>Magnum</span> <span class='ocrx_word' id='word_1_29' title='bbox 856 789 1093 862; x_wconf 72' lang='lat' dir='ltr'>Ducem,</span> <span class='ocrx_word' id='word_1_30' title='bbox 1122 797 1207 847; x_wconf 84' lang='lat' dir='ltr'>cui</span> <span class='ocrx_word' id='word_1_31' title='bbox 1237 796 1322 850; x_wconf 83' lang='lat' dir='ltr'>die</span> <span class='ocrx_word' id='word_1_32' title='bbox 1358 805 1689 872; x_wconf 84' lang='lat' dir='ltr'>praecedenti</span> <span class='ocrx_word' id='word_1_33' title='bbox 1727 812 1847 866; x_wconf 72' lang='lat' dir='ltr'>fue-</span> 
     </span>
     <span class='ocr_line' id='line_1_6' title="bbox 374 859 1845 952; baseline 0.027 -49"><span class='ocrx_word' id='word_1_34' title='bbox 374 869 451 906; x_wconf 79' lang='lat' dir='ltr'>rat</span> <span class='ocrx_word' id='word_1_35' title='bbox 481 875 571 927; x_wconf 81' lang='lat' dir='ltr'>per</span> <span class='ocrx_word' id='word_1_36' title='bbox 600 859 853 915; x_wconf 87' lang='lat' dir='ltr'>Cursores</span> <span class='ocrx_word' id='word_1_37' title='bbox 881 865 1109 920; x_wconf 86' lang='lat' dir='ltr'>intimata</span> <span class='ocrx_word' id='word_1_38' title='bbox 1138 870 1318 942; x_wconf 80' lang='lat' dir='ltr'>Missa3</span> <span class='ocrx_word' id='word_1_39' title='bbox 1346 876 1438 929; x_wconf 88' lang='lat' dir='ltr'>sed</span> <span class='ocrx_word' id='word_1_40' title='bbox 1475 882 1597 952; x_wconf 80' lang='lat' dir='ltr'>quia</span> <span class='ocrx_word' id='word_1_41' title='bbox 1627 887 1712 939; x_wconf 87' lang='lat' dir='ltr'>SS.</span> <span class='ocrx_word' id='word_1_42' title='bbox 1734 888 1845 942; x_wconf 90' lang='lat' dir='ltr'>Do-</span> 
     </span>
     <span class='ocr_line' id='line_1_7' title="bbox 374 930 1844 1027; baseline 0.025 -46"><span class='ocrx_word' id='word_1_43' title='bbox 374 930 548 985; x_wconf 85' lang='lat' dir='ltr'>minus</span> <span class='ocrx_word' id='word_1_44' title='bbox 582 933 780 989; x_wconf 80' lang='lat' dir='ltr'>dixerat</span> <span class='ocrx_word' id='word_1_45' title='bbox 806 938 932 992; x_wconf 83' lang='lat' dir='ltr'>mihi</span> <span class='ocrx_word' id='word_1_46' title='bbox 961 942 1108 1016; x_wconf 88' lang='lat' dir='ltr'>quod</span> <span class='ocrx_word' id='word_1_47' title='bbox 1137 945 1379 1019; x_wconf 76' lang='lat' dir='ltr'>nolebat,</span> <span class='ocrx_word' id='word_1_48' title='bbox 1408 955 1555 1027; x_wconf 85' lang='lat' dir='ltr'>quod</span> <span class='ocrx_word' id='word_1_49' title='bbox 1603 959 1724 1014; x_wconf 85' lang='lat' dir='ltr'>Dux</span> <span class='ocrx_word' id='word_1_50' title='bbox 1756 984 1844 1017; x_wconf 85' lang='lat' dir='ltr'>ve-</span> 
     </span>
     <span class='ocr_line' id='line_1_8' title="bbox 373 1005 1846 1093; baseline 0.026 -38"><span class='ocrx_word' id='word_1_51' title='bbox 373 1005 507 1059; x_wconf 80' lang='lat' dir='ltr'>niret</span> <span class='ocrx_word' id='word_1_52' title='bbox 526 1007 590 1060; x_wconf 88' lang='lat' dir='ltr'>ad</span> <span class='ocrx_word' id='word_1_53' title='bbox 611 1010 916 1083; x_wconf 84' lang='lat' dir='ltr'>Cappellam</span> <span class='ocrx_word' id='word_1_54' title='bbox 945 1037 1111 1093; x_wconf 85' lang='lat' dir='ltr'>usque</span> <span class='ocrx_word' id='word_1_55' title='bbox 1140 1022 1203 1074; x_wconf 84' lang='lat' dir='ltr'>ad</span> <span class='ocrx_word' id='word_1_56' title='bbox 1225 1022 1368 1079; x_wconf 86' lang='lat' dir='ltr'>diem</span> <span class='ocrx_word' id='word_1_57' title='bbox 1387 1048 1509 1084; x_wconf 84' lang='lat' dir='ltr'>suae</span> <span class='ocrx_word' id='word_1_58' title='bbox 1536 1031 1846 1093; x_wconf 86' lang='lat' dir='ltr'>Coronatio-</span> 
     </span>
     <span class='ocr_line' id='line_1_9' title="bbox 370 1081 1843 1171; baseline 0.026 -41"><span class='ocrx_word' id='word_1_59' title='bbox 370 1081 484 1149; x_wconf 80' lang='lat' dir='ltr'>nis,</span> <span class='ocrx_word' id='word_1_60' title='bbox 513 1086 633 1158; x_wconf 84' lang='lat' dir='ltr'>quia</span> <span class='ocrx_word' id='word_1_61' title='bbox 666 1102 789 1141; x_wconf 85' lang='lat' dir='ltr'>tunc</span> <span class='ocrx_word' id='word_1_62' title='bbox 819 1089 1023 1147; x_wconf 84' lang='lat' dir='ltr'>volebat</span> <span class='ocrx_word' id='word_1_63' title='bbox 1061 1096 1108 1148; x_wconf 90' lang='lat' dir='ltr'>ei</span> <span class='ocrx_word' id='word_1_64' title='bbox 1145 1097 1270 1153; x_wconf 89' lang='lat' dir='ltr'>dare</span> <span class='ocrx_word' id='word_1_65' title='bbox 1307 1101 1484 1159; x_wconf 82' lang='lat' dir='ltr'>locum</span> <span class='ocrx_word' id='word_1_66' title='bbox 1530 1109 1664 1163; x_wconf 84' lang='lat' dir='ltr'>inter</span> <span class='ocrx_word' id='word_1_67' title='bbox 1708 1113 1843 1171; x_wconf 83' lang='lat' dir='ltr'>duos</span> 
     </span>
     <span class='ocr_line' id='line_1_10' title="bbox 374 1149 1842 1246; baseline 0.027 -39"><span class='ocrx_word' id='word_1_68' title='bbox 374 1154 588 1213; x_wconf 87' lang='lat' dir='ltr'>ultimos</span> <span class='ocrx_word' id='word_1_69' title='bbox 607 1149 924 1220; x_wconf 63' lang='lat' dir='ltr'>Piesbiteros</span> <span class='ocrx_word' id='word_1_70' title='bbox 947 1169 1248 1229; x_wconf 84' lang='lat' dir='ltr'>Cardinales</span> <span class='ocrx_word' id='word_1_71' title='bbox 1269 1221 1282 1246; x_wconf 82' lang='lat'>‚</span> <span class='ocrx_word' id='word_1_72' title='bbox 1309 1178 1564 1239; x_wconf 76' lang='lat' dir='ltr'>allocutus</span> <span class='ocrx_word' id='word_1_73' title='bbox 1584 1187 1659 1241; x_wconf 82' lang='lat' dir='ltr'>fui</span> <span class='ocrx_word' id='word_1_74' title='bbox 1683 1192 1842 1246; x_wconf 84' lang='lat' dir='ltr'>Suam</span> 
     </span>
     <span class='ocr_line' id='line_1_11' title="bbox 368 1233 1840 1322; baseline 0.025 -36"><span class='ocrx_word' id='word_1_75' title='bbox 368 1233 732 1310; x_wconf 72' lang='lat' dir='ltr'>sanctitatem,</span> <span class='ocrx_word' id='word_1_76' title='bbox 761 1258 812 1295; x_wconf 85' lang='lat' dir='ltr'>et</span> <span class='ocrx_word' id='word_1_77' title='bbox 841 1241 947 1298; x_wconf 85' lang='lat' dir='ltr'>dixi</span> <span class='ocrx_word' id='word_1_78' title='bbox 976 1245 1044 1300; x_wconf 91' lang='lat' dir='ltr'>de</span> <span class='ocrx_word' id='word_1_79' title='bbox 1073 1250 1396 1310; x_wconf 76' lang='lat' dir='ltr'>intimatione</span> <span class='ocrx_word' id='word_1_80' title='bbox 1431 1258 1562 1315; x_wconf 83' lang='lat' dir='ltr'>facta</span> <span class='ocrx_word' id='word_1_81' title='bbox 1601 1264 1742 1320; x_wconf 89' lang='lat' dir='ltr'>Duci</span> <span class='ocrx_word' id='word_1_82' title='bbox 1779 1289 1840 1322; x_wconf 79' lang='lat' dir='ltr'>ex</span> 
     </span>
     <span class='ocr_line' id='line_1_12' title="bbox 367 1308 1842 1413; baseline 0.028 -54"><span class='ocrx_word' id='word_1_83' title='bbox 367 1308 508 1380; x_wconf 72' lang='lat' dir='ltr'>stylo</span> <span class='ocrx_word' id='word_1_84' title='bbox 537 1313 760 1386; x_wconf 81' lang='lat' dir='ltr'>Curiae,</span> <span class='ocrx_word' id='word_1_85' title='bbox 797 1335 846 1372; x_wconf 81' lang='lat' dir='ltr'>et</span> <span class='ocrx_word' id='word_1_86' title='bbox 883 1342 984 1376; x_wconf 86' lang='lat' dir='ltr'>non</span> <span class='ocrx_word' id='word_1_87' title='bbox 1030 1345 1092 1379; x_wconf 81' lang='lat' dir='ltr'>ex</span> <span class='ocrx_word' id='word_1_88' title='bbox 1136 1346 1305 1384; x_wconf 84' lang='lat' dir='ltr'>nostra</span> <span class='ocrx_word' id='word_1_89' title='bbox 1351 1339 1746 1413; x_wconf 75' lang='lat' dir='ltr'>commissione3</span> <span class='ocrx_word' id='word_1_90' title='bbox 1791 1361 1842 1399; x_wconf 87' lang='lat' dir='ltr'>et</span> 
     </span>
     <span class='ocr_line' id='line_1_13' title="bbox 368 1387 1838 1494; baseline 0.027 -59"><span class='ocrx_word' id='word_1_91' title='bbox 368 1387 494 1455; x_wconf 75' lang='lat' dir='ltr'>petii</span> <span class='ocrx_word' id='word_1_92' title='bbox 525 1408 586 1441; x_wconf 77' lang='lat' dir='ltr'>an</span> <span class='ocrx_word' id='word_1_93' title='bbox 609 1391 765 1446; x_wconf 87' lang='lat' dir='ltr'>vellet</span> <span class='ocrx_word' id='word_1_94' title='bbox 786 1396 933 1469; x_wconf 81' lang='lat' dir='ltr'>quod</span> <span class='ocrx_word' id='word_1_95' title='bbox 953 1400 1075 1455; x_wconf 85' lang='lat' dir='ltr'>Dux</span> <span class='ocrx_word' id='word_1_96' title='bbox 1097 1406 1390 1479; x_wconf 77' lang='lat' dir='ltr'>accederet,</span> <span class='ocrx_word' id='word_1_97' title='bbox 1419 1432 1482 1466; x_wconf 88' lang='lat' dir='ltr'>eo</span> <span class='ocrx_word' id='word_1_98' title='bbox 1511 1419 1667 1489; x_wconf 83' lang='lat' dir='ltr'>magis</span> <span class='ocrx_word' id='word_1_99' title='bbox 1688 1420 1838 1494; x_wconf 87' lang='lat' dir='ltr'>quod</span> 
     </span>
     <span class='ocr_line' id='line_1_14' title="bbox 366 1461 1836 1560; baseline 0.028 -49"><span class='ocrx_word' id='word_1_100' title='bbox 366 1461 471 1531; x_wconf 83' lang='lat' dir='ltr'>jam</span> <span class='ocrx_word' id='word_1_101' title='bbox 501 1482 707 1534; x_wconf 80' lang='lat' dir='ltr'>paratus</span> <span class='ocrx_word' id='word_1_102' title='bbox 737 1488 867 1525; x_wconf 85' lang='lat' dir='ltr'>esset</span> <span class='ocrx_word' id='word_1_103' title='bbox 897 1477 1105 1532; x_wconf 81' lang='lat' dir='ltr'>venire:</span> <span class='ocrx_word' id='word_1_104' title='bbox 1145 1497 1228 1550; x_wconf 82' lang='lat' dir='ltr'>et,</span> <span class='ocrx_word' id='word_1_105' title='bbox 1265 1481 1342 1538; x_wconf 87' lang='lat' dir='ltr'>his</span> <span class='ocrx_word' id='word_1_106' title='bbox 1369 1488 1556 1544; x_wconf 82' lang='lat' dir='ltr'>auditis</span> <span class='ocrx_word' id='word_1_107' title='bbox 1577 1536 1590 1560; x_wconf 81' lang='lat'>‚</span> <span class='ocrx_word' id='word_1_108' title='bbox 1627 1496 1836 1551; x_wconf 75' lang='lat' dir='ltr'>ordina-</span> 
     </span>
     <span class='ocr_line' id='line_1_15' title="bbox 367 1537 1835 1629; baseline 0.029 -42"><span class='ocrx_word' id='word_1_109' title='bbox 367 1537 442 1588; x_wconf 68' lang='lat' dir='ltr'>vit</span> <span class='ocrx_word' id='word_1_110' title='bbox 472 1539 597 1593; x_wconf 83' lang='lat' dir='ltr'>mihi</span> <span class='ocrx_word' id='word_1_111' title='bbox 626 1545 771 1618; x_wconf 88' lang='lat' dir='ltr'>quod</span> <span class='ocrx_word' id='word_1_112' title='bbox 802 1546 1028 1604; x_wconf 82' lang='lat' dir='ltr'>dicerem</span> <span class='ocrx_word' id='word_1_113' title='bbox 1059 1556 1290 1625; x_wconf 84' lang='lat' dir='ltr'>praefato</span> <span class='ocrx_word' id='word_1_114' title='bbox 1319 1562 1459 1618; x_wconf 80' lang='lat' dir='ltr'>Duci</span> <span class='ocrx_word' id='word_1_115' title='bbox 1488 1568 1835 1629; x_wconf 82' lang='lat' dir='ltr'>intentionem</span> 
     </span>
     <span class='ocr_line' id='line_1_16' title="bbox 363 1610 1834 1716; baseline 0.029 -53"><span class='ocrx_word' id='word_1_116' title='bbox 363 1610 519 1666; x_wconf 76' lang='lat' dir='ltr'>fuisse</span> <span class='ocrx_word' id='word_1_117' title='bbox 547 1619 681 1671; x_wconf 87' lang='lat' dir='ltr'>Suae</span> <span class='ocrx_word' id='word_1_118' title='bbox 709 1622 1002 1680; x_wconf 85' lang='lat' dir='ltr'>Sanctitatis</span> <span class='ocrx_word' id='word_1_119' title='bbox 1048 1650 1154 1683; x_wconf 85' lang='lat' dir='ltr'>non</span> <span class='ocrx_word' id='word_1_120' title='bbox 1198 1633 1475 1710; x_wconf 73' lang='lat' dir='ltr'>defatigare</span> <span class='ocrx_word' id='word_1_121' title='bbox 1519 1645 1694 1716; x_wconf 84' lang='lat' dir='ltr'>ipsum</span> <span class='ocrx_word' id='word_1_122' title='bbox 1738 1648 1834 1704; x_wconf 85' lang='lat' dir='ltr'>las-</span> 
     </span>
     <span class='ocr_line' id='line_1_17' title="bbox 359 1692 1834 1791; baseline 0.029 -54"><span class='ocrx_word' id='word_1_123' title='bbox 359 1707 510 1753; x_wconf 80' lang='lat' dir='ltr'>sum,</span> <span class='ocrx_word' id='word_1_124' title='bbox 547 1706 597 1744; x_wconf 88' lang='lat' dir='ltr'>et</span> <span class='ocrx_word' id='word_1_125' title='bbox 633 1692 972 1768; x_wconf 84' lang='lat' dir='ltr'>defatigatum</span> <span class='ocrx_word' id='word_1_126' title='bbox 1009 1721 1226 1776; x_wconf 82' lang='lat' dir='ltr'>propter</span> <span class='ocrx_word' id='word_1_127' title='bbox 1253 1710 1485 1769; x_wconf 85' lang='lat' dir='ltr'>laborem</span> <span class='ocrx_word' id='word_1_128' title='bbox 1522 1723 1834 1791; x_wconf 83' lang='lat' dir='ltr'>praeceden-</span> 
     </span>
     <span class='ocr_line' id='line_1_18' title="bbox 362 1763 1832 1867; baseline 0.028 -52"><span class='ocrx_word' id='word_1_129' title='bbox 362 1763 425 1815; x_wconf 81' lang='lat' dir='ltr'>tis</span> <span class='ocrx_word' id='word_1_130' title='bbox 454 1763 556 1817; x_wconf 81' lang='lat' dir='ltr'>diei</span> <span class='ocrx_word' id='word_1_131' title='bbox 580 1790 593 1835; x_wconf 79' lang='lat'><em>3</em></span> <span class='ocrx_word' id='word_1_132' title='bbox 621 1768 714 1821; x_wconf 87' lang='lat' dir='ltr'>sed</span> <span class='ocrx_word' id='word_1_133' title='bbox 742 1773 783 1823; x_wconf 88' lang='lat' dir='ltr'>si</span> <span class='ocrx_word' id='word_1_134' title='bbox 814 1773 972 1829; x_wconf 86' lang='lat' dir='ltr'>vellet</span> <span class='ocrx_word' id='word_1_135' title='bbox 1009 1781 1258 1837; x_wconf 80' lang='lat' dir='ltr'>accedere</span> <span class='ocrx_word' id='word_1_136' title='bbox 1303 1787 1369 1840; x_wconf 91' lang='lat' dir='ltr'>ad</span> <span class='ocrx_word' id='word_1_137' title='bbox 1418 1791 1722 1867; x_wconf 86' lang='lat' dir='ltr'>Cappellam</span> <span class='ocrx_word' id='word_1_138' title='bbox 1771 1806 1832 1855; x_wconf 78' lang='lat' dir='ltr'>ex</span> 
     </span>
     <span class='ocr_line' id='line_1_19' title="bbox 360 1841 1831 1947; baseline 0.029 -57"><span class='ocrx_word' id='word_1_139' title='bbox 360 1858 512 1893; x_wconf 86' lang='lat' dir='ltr'>causa</span> <span class='ocrx_word' id='word_1_140' title='bbox 540 1841 855 1916; x_wconf 82' lang='lat' dir='ltr'>devotionis,</span> <span class='ocrx_word' id='word_1_141' title='bbox 883 1869 1077 1924; x_wconf 78' lang='lat' dir='ltr'>ageret,</span> <span class='ocrx_word' id='word_1_142' title='bbox 1107 1877 1264 1928; x_wconf 82' lang='lat' dir='ltr'>prout</span> <span class='ocrx_word' id='word_1_143' title='bbox 1292 1864 1393 1918; x_wconf 67' lang='lat' dir='ltr'>sibi</span> <span class='ocrx_word' id='word_1_144' title='bbox 1422 1867 1663 1939; x_wconf 83' lang='lat' dir='ltr'>placeret.</span> <span class='ocrx_word' id='word_1_145' title='bbox 1695 1870 1831 1947; x_wconf 84' lang='lat' dir='ltr'>Qui-</span> 
     </span>
     <span class='ocr_line' id='line_1_20' title="bbox 360 1912 1830 2025; baseline 0.029 -59"><span class='ocrx_word' id='word_1_146' title='bbox 360 1912 459 1969; x_wconf 76' lang='lat' dir='ltr'>bus</span> <span class='ocrx_word' id='word_1_147' title='bbox 488 1937 582 1989; x_wconf 83' lang='lat' dir='ltr'>per</span> <span class='ocrx_word' id='word_1_148' title='bbox 610 1940 693 1974; x_wconf 88' lang='lat' dir='ltr'>me</span> <span class='ocrx_word' id='word_1_149' title='bbox 721 1922 872 1980; x_wconf 86' lang='lat' dir='ltr'>dict-is</span> <span class='ocrx_word' id='word_1_150' title='bbox 901 1932 1194 2004; x_wconf 81' lang='lat' dir='ltr'>respondit,</span> <span class='ocrx_word' id='word_1_151' title='bbox 1215 1939 1364 2012; x_wconf 88' lang='lat' dir='ltr'>quod</span> <span class='ocrx_word' id='word_1_152' title='bbox 1391 1943 1597 2002; x_wconf 85' lang='lat' dir='ltr'>volebat</span> <span class='ocrx_word' id='word_1_153' title='bbox 1627 1955 1830 2025; x_wconf 83' lang='lat' dir='ltr'>venire,</span> 
     </span>
     <span class='ocr_line' id='line_1_21' title="bbox 352 1993 1831 2091; baseline 0.028 -49"><span class='ocrx_word' id='word_1_154' title='bbox 352 2005 410 2043; x_wconf 83' lang='lat' dir='ltr'>et</span> <span class='ocrx_word' id='word_1_155' title='bbox 438 1993 511 2046; x_wconf 88' lang='lat' dir='ltr'>sic</span> <span class='ocrx_word' id='word_1_156' title='bbox 539 1993 674 2053; x_wconf 87' lang='lat' dir='ltr'>fecit.</span> <span class='ocrx_word' id='word_1_157' title='bbox 704 1999 822 2073; x_wconf 87' lang='lat' dir='ltr'>Ego</span> <span class='ocrx_word' id='word_1_158' title='bbox 850 2005 1012 2060; x_wconf 88' lang='lat' dir='ltr'>credo</span> <span class='ocrx_word' id='word_1_159' title='bbox 1044 2010 1192 2084; x_wconf 87' lang='lat' dir='ltr'>quod</span> <span class='ocrx_word' id='word_1_160' title='bbox 1220 2013 1339 2069; x_wconf 84' lang='lat' dir='ltr'>data</span> <span class='ocrx_word' id='word_1_161' title='bbox 1367 2039 1522 2091; x_wconf 87' lang='lat' dir='ltr'>opera</span> <span class='ocrx_word' id='word_1_162' title='bbox 1551 2023 1729 2081; x_wconf 87' lang='lat' dir='ltr'>fuisset</span> <span class='ocrx_word' id='word_1_163' title='bbox 1757 2027 1831 2082; x_wconf 85' lang='lat' dir='ltr'>fa·</span> 
     </span>
     <span class='ocr_line' id='line_1_22' title="bbox 356 2067 1829 2172; baseline 0.03 -55"><span class='ocrx_word' id='word_1_164' title='bbox 356 2082 439 2119; x_wconf 87' lang='lat' dir='ltr'>cta</span> <span class='ocrx_word' id='word_1_165' title='bbox 469 2067 603 2124; x_wconf 88' lang='lat' dir='ltr'>dicta</span> <span class='ocrx_word' id='word_1_166' title='bbox 631 2074 913 2149; x_wconf 79' lang='lat' dir='ltr'>inti-matio,</span> <span class='ocrx_word' id='word_1_167' title='bbox 943 2084 1064 2156; x_wconf 84' lang='lat' dir='ltr'>quia</span> <span class='ocrx_word' id='word_1_168' title='bbox 1088 2086 1211 2142; x_wconf 80' lang='lat' dir='ltr'>Dux</span> <span class='ocrx_word' id='word_1_169' title='bbox 1240 2091 1448 2149; x_wconf 86' lang='lat' dir='ltr'>nolebat</span> <span class='ocrx_word' id='word_1_170' title='bbox 1476 2117 1744 2172; x_wconf 84' lang='lat' dir='ltr'>expectare</span> <span class='ocrx_word' id='word_1_171' title='bbox 1771 2106 1829 2160; x_wconf 87' lang='lat' dir='ltr'>in</span> 
     </span>
     <span class='ocr_line' id='line_1_23' title="bbox 358 2143 1826 2255; baseline 0.029 -62"><span class='ocrx_word' id='word_1_172' title='bbox 358 2143 667 2215; x_wconf 84' lang='lat' dir='ltr'>accipiendo</span> <span class='ocrx_word' id='word_1_173' title='bbox 706 2150 882 2208; x_wconf 87' lang='lat' dir='ltr'>locum</span> <span class='ocrx_word' id='word_1_174' title='bbox 911 2158 962 2210; x_wconf 79' lang='lat' dir='ltr'>&#39;m</span> <span class='ocrx_word' id='word_1_175' title='bbox 990 2161 1244 2234; x_wconf 88' lang='lat' dir='ltr'>Cappella</span> <span class='ocrx_word' id='word_1_176' title='bbox 1273 2166 1627 2230; x_wconf 85' lang='lat' dir='ltr'>desideratum</span> <span class='ocrx_word' id='word_1_177' title='bbox 1656 2200 1826 2255; x_wconf 87' lang='lat' dir='ltr'>usque</span> 
     </span>
     <span class='ocr_line' id='line_1_24' title="bbox 351 2215 1827 2328; baseline 0.03 -60"><span class='ocrx_word' id='word_1_178' title='bbox 351 2215 420 2269; x_wconf 83' lang='lat' dir='ltr'>ad</span> <span class='ocrx_word' id='word_1_179' title='bbox 448 2219 784 2281; x_wconf 85' lang='lat' dir='ltr'>Dominicam</span> <span class='ocrx_word' id='word_1_180' title='bbox 813 2229 1049 2289; x_wconf 83' lang='lat' dir='ltr'>ultimam</span> <span class='ocrx_word' id='word_1_181' title='bbox 1079 2240 1158 2291; x_wconf 84' lang='lat' dir='ltr'>sui</span> <span class='ocrx_word' id='word_1_182' title='bbox 1187 2261 1412 2299; x_wconf 86' lang='lat' dir='ltr'>recessus</span> <span class='ocrx_word' id='word_1_183' title='bbox 1431 2292 1445 2318; x_wconf 85' lang='grc'>,</span> <span class='ocrx_word' id='word_1_184' title='bbox 1480 2267 1532 2305; x_wconf 89' lang='lat' dir='ltr'>et</span> <span class='ocrx_word' id='word_1_185' title='bbox 1567 2269 1627 2307; x_wconf 86' lang='lat' dir='ltr'>ut</span> <span class='ocrx_word' id='word_1_186' title='bbox 1655 2274 1827 2328; x_wconf 87' lang='lat' dir='ltr'>posset</span> 
     </span>
     <span class='ocr_line' id='line_1_25' title="bbox 353 2295 1825 2407; baseline 0.03 -63"><span class='ocrx_word' id='word_1_187' title='bbox 353 2295 505 2349; x_wconf 84' lang='lat' dir='ltr'>etiam</span> <span class='ocrx_word' id='word_1_188' title='bbox 533 2297 727 2369; x_wconf 83' lang='lat' dir='ltr'>pluries</span> <span class='ocrx_word' id='word_1_189' title='bbox 754 2305 810 2357; x_wconf 89' lang='lat' dir='ltr'>in</span> <span class='ocrx_word' id='word_1_190' title='bbox 840 2307 1026 2365; x_wconf 82' lang='lat' dir='ltr'>eodem</span> <span class='ocrx_word' id='word_1_191' title='bbox 1053 2311 1172 2368; x_wconf 84' lang='lat' dir='ltr'>loco</span> <span class='ocrx_word' id='word_1_192' title='bbox 1199 2321 1518 2382; x_wconf 84' lang='lat' dir='ltr'>continuare.</span> <span class='ocrx_word' id='word_1_193' title='bbox 1541 2329 1647 2384; x_wconf 89' lang='lat' dir='ltr'>Sed</span> <span class='ocrx_word' id='word_1_194' title='bbox 1667 2333 1825 2407; x_wconf 88' lang='lat' dir='ltr'>quid-</span> 
     </span>
     <span class='ocr_line' id='line_1_26' title="bbox 338 2370 1820 2465; baseline 0.032 -45"><span class='ocrx_word' id='word_1_195' title='bbox 338 2370 485 2442; x_wconf 81' lang='lat' dir='ltr'>quid</span> <span class='ocrx_word' id='word_1_196' title='bbox 513 2374 602 2444; x_wconf 80' lang='lat' dir='ltr'>sit,</span> <span class='ocrx_word' id='word_1_197' title='bbox 630 2381 799 2434; x_wconf 85' lang='lat' dir='ltr'>statim</span> <span class='ocrx_word' id='word_1_198' title='bbox 828 2383 951 2439; x_wconf 80' lang='lat' dir='ltr'>Dux</span> <span class='ocrx_word' id='word_1_199' title='bbox 979 2388 1089 2459; x_wconf 82' lang='lat' dir='ltr'>ipse</span> <span class='ocrx_word' id='word_1_200' title='bbox 1114 2392 1208 2446; x_wconf 83' lang='lat' dir='ltr'>ivit</span> <span class='ocrx_word' id='word_1_201' title='bbox 1233 2393 1301 2448; x_wconf 85' lang='lat' dir='ltr'>ad</span> <span class='ocrx_word' id='word_1_202' title='bbox 1321 2400 1409 2455; x_wconf 90' lang='lat' dir='ltr'>SS.</span> <span class='ocrx_word' id='word_1_203' title='bbox 1429 2403 1726 2463; x_wconf 81' lang='lat' dir='ltr'>Dominum</span> <span class='ocrx_word' id='word_1_204' title='bbox 1753 2411 1820 2465; x_wconf 83' lang='lat' dir='ltr'>ad</span> 
     </span>
     <span class='ocr_line' id='line_1_27' title="bbox 351 2446 1821 2561; baseline 0.031 -64"><span class='ocrx_word' id='word_1_205' title='bbox 351 2446 626 2506; x_wconf 79' lang='lat' dir='ltr'>Cameram</span> <span class='ocrx_word' id='word_1_206' title='bbox 654 2475 863 2526; x_wconf 84' lang='lat' dir='ltr'>parvam</span> <span class='ocrx_word' id='word_1_207' title='bbox 879 2505 892 2529; x_wconf 82' lang='lat'>,</span> <span class='ocrx_word' id='word_1_208' title='bbox 916 2462 1004 2516; x_wconf 81' lang='lat' dir='ltr'>ubi</span> <span class='ocrx_word' id='word_1_209' title='bbox 1023 2464 1145 2538; x_wconf 78' lang='lat' dir='ltr'>fuit,</span> <span class='ocrx_word' id='word_1_210' title='bbox 1165 2468 1334 2527; x_wconf 87' lang='lat' dir='ltr'>donec</span> <span class='ocrx_word' id='word_1_211' title='bbox 1351 2481 1548 2552; x_wconf 85' lang='lat' dir='ltr'>accepit</span> <span class='ocrx_word' id='word_1_212' title='bbox 1574 2482 1618 2535; x_wconf 89' lang='lat' dir='ltr'>F</span> <span class='ocrx_word' id='word_1_213' title='bbox 1620 2483 1821 2561; x_wconf 81' lang='lat' dir='ltr'>aldam3</span> 
     </span>
     <span class='ocr_line' id='line_1_28' title="bbox 349 2529 1820 2617; baseline 0.032 -45"><span class='ocrx_word' id='word_1_214' title='bbox 349 2539 582 2600; x_wconf 86' lang='lat' dir='ltr'>cumque</span> <span class='ocrx_word' id='word_1_215' title='bbox 616 2529 714 2585; x_wconf 86' lang='lat' dir='ltr'>iret</span> <span class='ocrx_word' id='word_1_216' title='bbox 743 2535 831 2591; x_wconf 90' lang='lat' dir='ltr'>SS.</span> <span class='ocrx_word' id='word_1_217' title='bbox 863 2537 1124 2596; x_wconf 84' lang='lat' dir='ltr'>Dominus</span> <span class='ocrx_word' id='word_1_218' title='bbox 1152 2544 1219 2598; x_wconf 83' lang='lat' dir='ltr'>ad</span> <span class='ocrx_word' id='word_1_219' title='bbox 1240 2548 1516 2609; x_wconf 86' lang='lat' dir='ltr'>Cameram</span> <span class='ocrx_word' id='word_1_220' title='bbox 1544 2559 1820 2617; x_wconf 83' lang='lat' dir='ltr'>Paramen-</span> 
     </span>
     <span class='ocr_line' id='line_1_29' title="bbox 332 2606 1819 2693; baseline 0.032 -46"><span class='ocrx_word' id='word_1_221' title='bbox 332 2610 547 2670; x_wconf 60' lang='lat' dir='ltr'>torum,</span> <span class='ocrx_word' id='word_1_222' title='bbox 577 2606 795 2679; x_wconf 86' lang='lat' dir='ltr'>quidam</span> <span class='ocrx_word' id='word_1_223' title='bbox 825 2612 1196 2675; x_wconf 87' lang='lat' dir='ltr'>Cubicularius</span> <span class='ocrx_word' id='word_1_224' title='bbox 1225 2625 1469 2685; x_wconf 87' lang='lat' dir='ltr'>Secretus</span> <span class='ocrx_word' id='word_1_225' title='bbox 1514 2633 1661 2691; x_wconf 87' lang='lat' dir='ltr'>dedit</span> <span class='ocrx_word' id='word_1_226' title='bbox 1699 2660 1819 2693; x_wconf 86' lang='lat' dir='ltr'>cau-</span> 
     </span>
     <span class='ocr_line' id='line_1_30' title="bbox 348 2670 1818 2779; baseline 0.031 -55"><span class='ocrx_word' id='word_1_227' title='bbox 348 2670 471 2729; x_wconf 87' lang='lat' dir='ltr'>dam</span> <span class='ocrx_word' id='word_1_228' title='bbox 497 2677 689 2737; x_wconf 88' lang='lat' dir='ltr'>Faldae</span> <span class='ocrx_word' id='word_1_229' title='bbox 717 2686 856 2741; x_wconf 85' lang='lat' dir='ltr'>Duci</span> <span class='ocrx_word' id='word_1_230' title='bbox 873 2712 886 2760; x_wconf 79' lang='lat'>3</span> <span class='ocrx_word' id='word_1_231' title='bbox 913 2692 1006 2747; x_wconf 89' lang='lat' dir='ltr'>sed</span> <span class='ocrx_word' id='word_1_232' title='bbox 1033 2715 1127 2768; x_wconf 85' lang='lat' dir='ltr'>ego</span> <span class='ocrx_word' id='word_1_233' title='bbox 1156 2718 1267 2754; x_wconf 89' lang='lat' dir='ltr'>eam</span> <span class='ocrx_word' id='word_1_234' title='bbox 1297 2709 1495 2779; x_wconf 80' lang='lat' dir='ltr'>amovi,</span> <span class='ocrx_word' id='word_1_235' title='bbox 1523 2731 1642 2764; x_wconf 89' lang='lat' dir='ltr'>nam</span> <span class='ocrx_word' id='word_1_236' title='bbox 1671 2717 1818 2769; x_wconf 78' lang='lat' dir='ltr'>Prin-</span> 
     </span>
     <span class='ocr_line' id='line_1_31' title="bbox 347 2758 1810 2863; baseline 0.032 -64"><span class='ocrx_word' id='word_1_237' title='bbox 347 2766 469 2822; x_wconf 86' lang='lat' dir='ltr'>ceps</span> <span class='ocrx_word' id='word_1_238' title='bbox 498 2774 603 2809; x_wconf 86' lang='lat' dir='ltr'>non</span> <span class='ocrx_word' id='word_1_239' title='bbox 632 2758 789 2817; x_wconf 84' lang='lat' dir='ltr'>debet</span> <span class='ocrx_word' id='word_1_240' title='bbox 818 2765 952 2822; x_wconf 83' lang='lat' dir='ltr'>ferre</span> <span class='ocrx_word' id='word_1_241' title='bbox 997 2773 1220 2828; x_wconf 79' lang='lat' dir='ltr'>caudam</span> <span class='ocrx_word' id='word_1_242' title='bbox 1241 2821 1254 2847; x_wconf 84' lang='lat'>‚</span> <span class='ocrx_word' id='word_1_243' title='bbox 1294 2781 1391 2835; x_wconf 87' lang='lat' dir='ltr'>nisi</span> <span class='ocrx_word' id='word_1_244' title='bbox 1427 2786 1641 2859; x_wconf 86' lang='lat' dir='ltr'>quando</span> <span class='ocrx_word' id='word_1_245' title='bbox 1676 2793 1810 2863; x_wconf 86' lang='lat' dir='ltr'>Papa</span> 
     </span>
    </p>
   </div>
  </div>
 </body>
</html>
