2441 3841
657 528 722 562 ῙΟ

569 600 676 652 rius
705 596 911 665 Sforza,
938 595 1194 649 Iohannes
1223 594 1444 650 Vrsinus
1465 643 1479 668 ,
1508 611 1559 648 et
1588 594 1671 649 alii
1699 595 1913 652 Nobiles
1940 598 2035 651 Ba-

572 695 722 729 roues
751 692 875 726 cum
904 671 1122 726 diversis
1151 672 1336 726 livreiS.

649 748 1006 822 Quadraginta
1035 749 1255 803 Iuvenes
1284 748 1571 803 Florentini
1613 746 1810 821 pedites
1838 747 1905 801 de
1935 749 2038 801 exi-

571 827 827 881 stentibus
853 826 907 879 in
927 826 1098 896 Vrbe,
1129 827 1221 902 qui
1249 825 1506 881 habebant
1527 826 1715 880 birreta
1744 823 1927 879 velluti
1956 845 2043 877 ru-

574 904 657 958 bei
680 902 890 970 coloris,
910 903 1042 955 circa
1074 923 1207 978 quae
1228 919 1374 955 erant
1410 903 1583 978 laquei
1611 921 1734 955 cum
1762 900 2045 970 medalliis,

576 996 628 1033 et
653 979 913 1052 lapidibus
942 981 1207 1051 preciosiS,
1234 995 1506 1052 cappottos
1534 978 1599 1032 de
1628 976 1834 1032 velluto
1862 979 2045 1032 cremi-

576 1058 722 1125 sino,
777 1076 1007 1132 quorum
1052 1055 1292 1124 collaria,
1346 1055 1640 1123 astarellae,
1688 1070 1739 1107 et
1777 1053 2043 1107 manichae

576 1131 837 1187 habe-bant
866 1131 1223 1187 brocchettam
1251 1152 1461 1186 auream
1483 1176 1496 1201 ,
1533 1131 1713 1203 caligas
1748 1129 1814 1182 de
1845 1129 2046 1184 velluto

577 1208 697 1262 albo
727 1229 849 1262 cum
890 1207 1062 1262 teletta
1099 1226 1364 1282 argentea,
1409 1207 1669 1281 diploides
1714 1206 1921 1260 telettae
1967 1226 2043 1258 ar-

576 1301 815 1358 genteae,
844 1285 1080 1339 calzettas
1115 1284 1182 1338 de
1219 1286 1409 1354 serim,
1446 1293 1589 1337 enses
1625 1286 1881 1336 inauratos
1922 1301 2047 1335 cum

581 1362 813 1415 centuris
842 1360 909 1413 de
939 1361 1138 1414 velluto
1165 1361 1307 1430 albo,
1335 1377 1386 1414 et
1415 1358 1669 1432 praedicti
1698 1362 1915 1431 juvenes
1943 1359 2052 1409 ive«

580 1451 704 1488 runt
724 1458 749 1489 a
771 1436 1017 1489 lateribus
1046 1438 1209 1490 Ducis
1237 1436 1531 1509 pedestres,
1560 1450 1678 1507 post
1706 1454 1839 1508 quos
1867 1451 2051 1507 seque-

582 1512 735 1565 batur
763 1512 1022 1565 familiaris
1050 1512 1215 1585 ipsius
1243 1512 1409 1566 Ducis
1439 1530 1561 1564 cum
1592 1509 1820 1563 umbella
1848 1508 1916 1561 de
1945 1505 2052 1562 vel-

583 1587 696 1642 luto
724 1589 855 1660 nigri
883 1587 1083 1643 coloris,
1115 1589 1241 1643 Dux
1280 1587 1485 1642 medius
1523 1588 1663 1641 inter
1690 1583 2051 1641 ReverendiSS.

585 1663 819 1718 Madruti
829 1685 915 1718 um
929 1708 942 1734 ,
961 1680 1012 1718 et
1033 1662 1296 1719 Alciatum
1316 1684 1439 1719 cum
1459 1665 1657 1737 cappis,
1677 1679 1728 1715 et
1750 1662 1898 1734 pileis
1919 1663 2054 1715 Pon-

574 1738 862 1794 -tificalibus
899 1740 1212 1796 incedentes.
1254 1742 1408 1795 Circa
1443 1743 1618 1811 ipsum
1657 1740 1867 1792 Ducem
1910 1736 2055 1789 ibant

577 1837 665 1873 xx.
712 1815 896 1868 famuli
943 1836 1066 1870 cum
1110 1815 1293 1871 eadem
1346 1815 1504 1869 livrea
1526 1860 1539 1885 ,
1594 1834 1753 1890 quam
1798 1811 2057 1866 habebant

585 1892 776 1964 Paggii.
798 1892 1013 1963 Paggius
1042 1893 1360 1967 sequebatur
1387 1911 1510 1945 cum
1537 1905 1792 1959 cornetta,
1811 1909 1934 1942 cum
1954 1907 2057 1962 qua

579 1985 800 2022 venerat
819 1966 1117 2022 adVineam
1146 1967 1477 2040 praedictam.
1508 1967 1837 2042 Sequebatur
1865 1963 2058 2017 deinde

588 2045 834 2116 Magister
862 2044 1068 2097 Domus
1087 2045 1221 2098 Suae
1234 2043 1524 2098 Sanctitatis
1551 2063 1674 2097 cum
1694 2041 2058 2097 Gubernatore

572 2121 753 2175 ‘Vrbis
790 2141 816 2173 a
853 2121 1102 2188 sinistris,
1138 2118 1221 2172 alii
1249 2116 1466 2172 Praelati
1503 2118 1712 2187 Palatii,
1751 2133 1802 2171 et
1847 2137 1908 2170 ex
1953 2115 2061 2168 aliis

591 2196 772 2252 multis
802 2196 912 2249 bini
941 2196 1074 2263 bini,
1104 2211 1156 2263 et
1185 2196 1378 2250 Orator
1409 2195 1574 2249 Ducis
1609 2192 1872 2248 Praelatus
1905 2192 1999 2245 ivit
2034 2210 2062 2242 a

591 2274 806 2326 sinistris
835 2271 1087 2346 praedicti
1116 2271 1335 2326 Praelati
1363 2271 1651 2325 Domestici
1697 2285 1812 2343 post
1850 2266 2063 2322 Guber-

591 2366 827 2402 natorem
851 2393 863 2418 ,
891 2348 1046 2402 multi
1075 2349 1261 2422 Togati
1281 2392 1295 2418 ,
1324 2364 1374 2401 et
1402 2346 1615 2402 tandem
1642 2346 1868 2421 Equites
1896 2343 2061 2400 Ducis

593 2423 723 2479 levis
751 2441 1040 2478 armaturae
1063 2467 1073 2479 .

671 2501 913 2572 Magister
940 2502 1146 2554 Domus
1175 2502 1309 2556 Suae
1337 2499 1627 2555 Sanctitatis
1664 2515 1788 2551 cum
1816 2493 2060 2549 Praelatis

593 2577 905 2630 Domesticis
935 2578 1076 2630 venit
1104 2597 1273 2652 usque
1301 2575 1368 2629 ad
1394 2575 1593 2633 fontem
1633 2572 1800 2626 dictae
1835 2571 2060 2639 Vineae,

593 2669 644 2706 et
671 2652 780 2724 ipse
802 2695 815 2720 ,
849 2668 900 2705 et
929 2653 1267 2707 Gubernator
1304 2651 1463 2708 Vrbis
1499 2662 1785 2723 coeperunt
1821 2644 2060 2699 medium

591 2729 827 2796 Ducem,
855 2744 906 2781 et
934 2728 1197 2782 duxerunt
1225 2747 1392 2802 usque
1413 2725 1479 2780 ad
1499 2729 1707 2780 Portam
1728 2721 2058 2787 Flaminiam,

592 2820 874 2879 antequam
900 2803 1260 2859 Revereudiss.
1307 2802 1428 2855 duo
1462 2800 1765 2856 Cardinales
1801 2796 2058 2871 praedicti

590 2896 901 2954 receperunt
929 2880 1167 2936 medium
1196 2880 1370 2952 ipsum
1390 2879 1599 2933 Ducem
1627 2876 1768 2932 factis
1797 2875 1940 2947 prius
1971 2892 2050 2925 re-
