2441 3841
1706 471 1773 522 13

570 553 779 608 Orator
806 554 1130 624 Caesarea-5,
1159 567 1211 610 et
1239 555 1340 611 alti
1366 557 1650 626 Oratores,

455 638 515 681 ut
542 628 803 684 viderant
830 632 1051 690 Ducem
1077 631 1385 703 sedentem,
1411 647 1765 689 recesserunt.

383 826 386 828 .
452 778 567 834 Nec
602 794 768 835 tacere
813 780 936 835 volo
955 826 968 851 ,
1014 781 1162 857 quod
1208 783 1402 837 Orator
1442 784 1673 839 Caesaris
1717 806 1841 841 cum

374 856 606 926 primum
635 855 769 909 vidit
797 857 1004 910 Ducem
1031 856 1326 926 sedentem,
1356 861 1560 912 recessit
1581 904 1593 927 ‚
1621 876 1671 914 et
1698 861 1843 917 idem

373 928 608 985 fecerunt
635 932 880 985 Oratores
907 933 1060 1004 Regis
1088 933 1387 987 Lusitaniae
1407 978 1422 1004 ,
1451 951 1502 988 et
1532 936 1699 990 Ducis
1735 938 1840 993 Vr-

378 1004 490 1058 hini
513 1048 523 1059 .

455 1082 731 1155 Completa
758 1082 1147 1139 deosculatione
1177 1088 1264 1141 SS.
1294 1086 1557 1141 Dominus
1587 1086 1741 1142 rediit
1776 1089 1844 1143 ad

377 1175 629 1211 cameram
659 1162 1084 1214 paramentorum
1113 1160 1222 1236 (a),
1242 1164 1393 1217 Duce
1423 1164 1687 1236 praedicto
1724 1185 1844 1219 cau-

373 1229 496 1286 dam
525 1234 770 1290 pluvialis
798 1253 1059 1310 portante3
1087 1254 1137 1291 et
1164 1259 1286 1294 cum
1316 1241 1633 1311 pervenisset
1661 1240 1726 1294 ad
1763 1263 1844 1295 ca-

374 1327 574 1363 meram
619 1313 1046 1367 paramentorum
1091 1317 1262 1369 statim
1305 1315 1437 1369 dixit
1473 1318 1613 1370 Duci
1633 1361 1648 1385 ,
1693 1317 1844 1392 quod

372 1384 470 1437 iret
500 1385 566 1441 ad
595 1407 709 1441 suas
739 1408 961 1442 cameras
982 1433 995 1457 ,
1023 1390 1171 1463 quod
1207 1391 1373 1445 facere
1419 1394 1705 1463 recusavit3
1750 1393 1842 1447 sed

374 1458 516 1513 itlem,
538 1463 897 1518 Sanctissimus
917 1466 1111 1518 vocatis
1125 1466 1586 1521 Reverendissimis
1598 1470 1840 1537 PaceccQ

373 1550 424 1587 et
454 1534 806 1592 Alexandrino
833 1539 900 1593 ad
927 1541 1288 1595 associandum
1316 1544 1524 1615 ipsum,
1562 1561 1721 1616 prout
1751 1548 1839 1600 SS.

372 1611 637 1666 Dominus
665 1616 810 1686 prius
839 1615 1141 1670 decreverat
1170 1617 1305 1671 velle
1343 1618 1538 1688 facere,
1570 1622 1693 1674 Dux
1729 1621 1840 1694 ipse

371 1687 516 1739 sactis
547 1691 849 1743 reverentiis
869 1735 882 1759 ‚
910 1711 1034 1744 cum
1073 1693 1348 1763 praedictis
1376 1695 1840 1751 Reverendissimis

369 1762 465 1814 ivit
495 1761 562 1815 ad
589 1784 706 1818 suas
735 1765 994 1820 Cameras.
1025 1766 1385 1823 ReverendiSS.
1417 1770 1715 1823 Madrutius
1735 1815 1748 1838 ‚
1789 1789 1839 1826 et

373 1836 602 1894 Alciatus
630 1858 889 1895 venerunt
917 1841 1008 1894 illo
1034 1862 1185 1897 mane
1206 1843 1271 1897 ad
1293 1844 1634 1899 Conventum
1653 1847 1710 1901 B.
1728 1848 1840 1902 Ma-

368 1915 472 1967 riae
493 1913 560 1968 de
579 1917 785 1989 Populo
804 1916 884 1991 (b)
904 1919 955 1971 iu
976 1939 1136 1972 curru
1163 1919 1492 1994 simpliciter,
1513 1937 1564 1975 et
1583 1938 1837 1978 steterunt

368 1991 441 2044 ibi
470 1989 641 2047 donec
670 1993 735 2047 de
764 1994 993 2049 adventu
1021 1996 1187 2051 Ducis
1216 1996 1431 2051 fuerunt
1459 1996 1742 2054 certificati.

431 2144 506 2196 (a)
539 2142 655 2201 Qual
677 2145 750 2193 sia,
772 2162 795 2188 e
814 2161 889 2202 per
910 2145 1009 2204 qual
1033 2147 1201 2192 motivo
1221 2152 1302 2190 cosi
1324 2149 1357 2191 si
1382 2147 1538 2207 appelli
1559 2161 1706 2208 questa
1723 2162 1838 2194 stan-

369 2216 415 2243 za
449 2203 516 2246 dei
550 2204 784 2248 paramenti
817 2221 865 2248 ce
896 2205 939 2248 lo
972 2207 1156 2249 dichiara
1199 2206 1230 2249 il
1262 2211 1366 2265 Taja
1407 2226 1429 2251 a
1468 2226 1573 2268 pag.
1616 2215 1684 2256 80.
1725 2211 1835 2254 della

368 2264 659 2308 Descrizione
690 2266 769 2308 del
802 2267 1007 2310 Palazz'o
1046 2269 1300 2323 Vaticano,
1333 2285 1416 2312 ove
1440 2269 1625 2314 descrive
1644 2270 1834 2315 eziandio

367 2321 469 2380 quel
500 2323 578 2366 che
611 2325 653 2368 vi
685 2329 707 2366 ὲ
739 2326 780 2368 di
815 2325 1043 2382 pregiabile
1075 2330 1119 2370 in
1151 2327 1257 2370 fatto
1290 2329 1332 2371 di
1365 2327 1474 2372 belle
1506 2330 1613 2374 Arti.

426 2383 498 2435 (b)
531 2384 693 2441 Questa
725 2384 832 2429 bella
867 2387 1016 2430 Chiesa
1049 2400 1109 2430 sta
1142 2404 1280 2444 presso
1310 2387 1389 2432 alla
1412 2390 1536 2432 Porta
1556 2388 1624 2433 del
1645 2389 1833 2447 Popolo.

368 2439 402 2483 Il
436 2441 613 2486 Sommo
645 2445 858 2490 Pontefice
891 2446 1000 2489 Sisto
1034 2448 1104 2490 1V.
1138 2447 1266 2491 fecela
1298 2461 1524 2492 restaurare
1556 2448 1835 2507 dall’insigne

368 2513 507 2545 nostro
538 2504 776 2549 Architetto
808 2506 1123 2550 Bartolommeo
1159 2507 1358 2561 Pintelli,
1397 2509 1428 2552 il
1468 2510 1594 2566 quale
1634 2526 1739 2567 pure
1782 2513 1836 2553 ri-

365 2568 478 2607 storo
509 2562 704 2608 d'ordine
745 2583 821 2609 suo
855 2566 883 2608 il
928 2568 1061 2610 Ponte
1094 2567 1204 2611 Sisto
1223 2601 1234 2622 ‚
1265 2567 1566 2628 l'Arcispedale
1598 2570 1639 2613 di
1678 2572 1715 2615 S.
1741 2571 1835 2628 Spi-

365 2622 449 2669 ‚rito
482 2623 525 2664 in
555 2623 707 2679 Sassia,
738 2644 761 2669 e
794 2626 882 2671 fece
914 2625 944 2667 il
978 2629 1149 2684 diseguo
1181 2627 1291 2672 della
1322 2646 1423 2684 gran
1468 2630 1670 2688 Cappella
1715 2631 1835 2673 Sisti-

365 2696 417 2724 na
436 2714 448 2736 ,
480 2698 560 2727 ove
592 2697 710 2728 tanto
733 2687 1049 2732 s’immortaloil
1066 2701 1208 2732 nostro
1229 2688 1544 2747 Michelagnolo
1560 2692 1804 2734 b‘uonarroti
1822 2723 1831 2732 .

362 2741 422 2784 La
445 2742 487 2784 di
511 2741 565 2786 lei
599 2744 794 2790 celebrita
826 2751 848 2789 e
881 2760 980 2790 nota
1012 2765 1089 2806 per
1121 2750 1132 2790 i
1158 2750 1347 2805 seguenti
1369 2750 1583 2794 Scrittori:
1611 2753 1828 2808 Compen-

363 2800 488 2842 dinm
520 2804 809 2850 lu'scoriarwn
823 2808 925 2859 SS.,
948 2821 989 2851 ec
1026 2809 1394 2854 Glorioszssz'mae
1433 2813 1482 2857 V
1478 2814 1560 2869 irg.
1593 2813 1829 2870 Deiparae

364 2859 424 2900 de
446 2862 617 2918 Populo
640 2868 792 2909 almae
818 2869 951 2912 Vrbis
974 2871 1148 2912 Romae
1177 2873 1302 2928 1599·
1317 2872 1365 2911 in
1384 2870 1456 2924 4⁰,
1474 2870 1505 2912 il
1524 2871 1566 2912 di
1586 2872 1656 2912 cui
1683 2881 1830 2911 autore

364 2919 561 2977 &Jacopo
594 2922 798 2980 Alberici,
833 2928 1112 2973 Grandezza
1146 2930 1275 2974 della
1308 2928 1474 2975 Ghiesa
1505 2929 1557 2973 di
1588 2929 1637 2974 S.
1670 2930 1829 2973 Maria
