2441 3841
737 492 810 556 24

572 582 809 637 brantem
854 594 971 654 post
1016 579 1222 636 dictum
1273 583 1645 654 Offertorium,
1692 601 1743 640 et
1787 585 2045 645 lotionem

570 677 823 711 manuum
853 678 1021 734 usque
1050 657 1117 711 ad
1144 660 1458 734 completam
1477 660 1793 716 oblationem
1814 661 2045 721 fiendam

568 735 701 788 Suae
747 735 1010 790 Sanctitati
1055 755 1149 808 per
1194 736 1520 808 praedictum
1567 739 1806 809 Ducem,
1851 739 2046 795 deinde

567 809 754 864 faceret
781 812 854 864 ire
883 811 1250 865 Celebrantem
1270 812 1336 866 ad
1358 811 1556 882 Altare,
1577 830 1627 868 et
1648 817 1798 890 sequi
1827 816 2043 871 Missam

565 884 750 939 ordine
778 907 897 956 suo,
917 903 967 940 et
995 888 1245 963 quoniam
1276 887 1436 943 multa
1465 886 1577 943 fieri
1607 889 1869 945 debebant
1898 891 2044 945 dicto

568 980 745 1031 mane,
773 961 881 1017 dixi
909 966 1043 1018 Suae
1072 965 1366 1034 Sanctitati,
1387 965 1534 1039 quod
1563 966 1695 1020 bene
1723 984 1852 1035 erat,
1872 969 1912 1020 si
1935 988 2041 1021 non-

572 1035 718 1091 fieret
746 1041 950 1109 Sermo,
980 1039 1045 1093 de
1074 1061 1183 1115 quo
1211 1042 1450 1095 remansit
1479 1058 1758 1096 contentus
1778 1042 1884 1118 (a).

639 1114 882 1170 Feceram
917 1117 1045 1189 poni
1072 1117 1126 1169 in
1164 1117 1391 1192 quadam
1425 1137 1582 1191 parva
1619 1119 1836 1173 Camera
1876 1119 2041 1174 Sacri·

559 1204 661 1243 stae
691 1191 956 1245 Coronam
988 1193 1168 1264 Magni
1217 1194 1410 1262 DuciS,
1446 1194 1658 1264 valoris,
1688 1211 1745 1248 ut
1774 1195 2036 1265 dixerant,

558 1281 774 1320 centum
820 1268 1001 1340 viginti
1048 1267 1210 1322 millia
1240 1272 1550 1339 Scutorum,
1586 1272 1639 1323 in
1680 1271 1842 1325 bacile
1879 1292 2039 1324 aureo

557 1360 681 1394 cum
711 1341 854 1407 Velm
882 1342 1029 1418 quod
1067 1360 1174 1397 erat
1202 1346 1268 1398 ab
1282 1366 1381 1399 una
1410 1362 1550 1417 parte
1574 1346 1822 1414 rubrum,
1842 1363 1893 1399 et
1912 1367 2036 1401 cum

554 1414 650 1468 alia
680 1434 827 1489 parte
856 1419 1253 1491 cooperiebatur
1283 1414 1514 1474 Corona.
1546 1422 1606 1472 In
1636 1420 1736 1473 alio
1764 1421 1927 1474 bacile
1958 1443 2035 1474 ar-

548 1494 686 1563 genti
717 1494 944 1548 inaurati
972 1494 1194 1547 feceram
1223 1496 1346 1567 poni
1368 1497 1584 1567 Virgam
1606 1512 1918 1568 argenteam,
1939 1496 2035 1550 lar·

547 1588 665 1639 gam
711 1590 801 1642 per
847 1570 983 1624 duos
1032 1569 1230 1642 palmos
1271 1591 1395 1624 cum
1441 1571 1664 1626 dimidio
1697 1617 1709 1642 ,
1756 1572 2036 1628 habentem

547 1643 741 1716 pallam
771 1647 823 1699 in
853 1649 1175 1717 summitate,
1205 1663 1254 1700 et
1292 1646 1518 1720 desuper
1546 1648 1771 1717 Lilium,
1801 1650 1852 1701 in
1883 1651 2037 1721 cujus

545 1719 666 1773 base
713 1738 821 1775 erat
871 1722 1210 1794 Smaragdus,
1240 1739 1291 1776 et
1321 1725 1374 1776 in
1420 1724 1655 1798 qualibet
1699 1724 1912 1794 fronda,
1941 1746 2033 1778 seu

546 1794 678 1849 folio
710 1814 820 1851 erat
850 1799 1118 1866 Rubinus,
1149 1798 1267 1853 velo
1295 1815 1599 1871 coopertus,

616 1873 917 1927 Paramenta
946 1874 1115 1946 magni
1146 1873 1358 1942 valoris,
1383 1874 1464 1928 vel
1494 1875 1728 1929 pluviale
1749 1897 1873 1931 cum
1893 1877 2019 1931 Fer-

538 1946 694 2001 malio
713 1951 1088 2021 preciosissimo
1101 1970 1223 2005 cum
1244 1949 1625 2005 Adamantibus
1639 1954 1890 2006 maximae
1903 1955 2005 2007 exti
2015 1987 2030 1994 -

538 2024 781 2078 mationis
799 2028 956 2098 posita
985 2025 1267 2079 fueruntin
1296 2025 1397 2078 alio
1424 2028 1579 2079 simili
1600 2027 1840 2097 bacile,et
1853 2031 2027 2083 omnia

536 2098 632 2152 alia
661 2102 962 2155 paramenta
993 2103 1042 2152 in
1081 2103 1318 2176 quinque
1347 2102 1456 2155 aliis
1486 2102 1765 2172 bacilibus,
1794 2121 1842 2157 et
1871 2104 2020 2159 Calix

534 2195 721 2229 aureus
751 2197 873 2231 cum
901 2181 1091 2232 Patena
1133 2176 1379 2250 ponderis
1408 2194 1530 2231 octo
1556 2178 1835 2249 librarum,
1866 2196 1917 2233 et
1944 2201 2020 2234 se>-

533 2267 679 2323 ptem
709 2256 983 2308 unciarum
1012 2253 1180 2307 fuerat
1211 2256 1409 2326 positus
1438 2257 1490 2306 in
1510 2254 1610 2308 alio
1645 2255 1809 2309 bacile
1833 2277 2020 2327 aureo,

534 2348 668 2401 quae
700 2333 874 2385 omnia
892 2375 905 2400 ,
934 2347 992 2383 ut
1020 2328 1291 2402 dixerunt,
1322 2329 1670 2385 ascenderunt
1699 2331 1766 2385 ad
1795 2331 2023 2386 valorem

590 2478 664 2535 (a)
696 2479 731 2521 Il
752 2479 828 2523 Ch.
854 2482 953 2524 Can.
982 2481 1220 2541 Giuseppe
1236 2483 1302 2527 De
1335 2483 1501 2527 Nox-aes
1523 2480 1592 2525 nel
1623 2485 1674 2525 T.
1697 2498 1769 2525 vn.
1790 2499 1893 2541 pag.
1922 2488 2022 2531 236,

528 2536 637 2580 della
674 2540 831 2583 Scoria
874 2542 955 2585 dei
992 2543 1168 2587 Sommi
1196 2546 1422 2599 Pontefici
1457 2545 1632 2586 assicura
1664 2542 1703 2585 d’
1723 2558 1820 2585 aver
1861 2545 2027 2588 vedum

526 2596 635 2640 nella
691 2599 920 2644 Biblioteca
963 2601 1031 2645 del
1082 2602 1198 2645 Gesu
1235 2619 1294 2645 un
1330 2605 1544 2646 Discorso
1585 2602 1907 2645 dell’autoritcz
1944 2606 2023 2648 del

525 2659 662 2716 Papa
703 2663 831 2703 circa
866 2664 901 2703 il
934 2661 1052 2704 dare
1086 2665 1127 2704 Ie
1161 2664 1380 2720 Dignitc'z,
1396 2664 1527 2718 fatto
1546 2666 1593 2704 in
1618 2673 1788 2717 tempo,
1814 2664 1892 2706 elze
1926 2667 2019 2708 Pa>-

519 2733 585 2775 pa
620 2720 711 2761 Pio
756 2722 810 2765 V.
846 2724 1017 2779 insigni
1054 2724 1126 2765 col
1160 2725 1285 2765 titolo
1317 2723 1370 2764 di
1404 2722 1539 2765 Gran
1571 2723 1704 2764 Daca
1738 2722 1788 2762 di
1809 2725 2021 2767 Toscana

526 2778 703 2822 Cosimo
744 2779 820 2821 de’
847 2782 1030 2824 Medici
1054 2813 1062 2821 .
1103 2783 1239 2824 Corne
1272 2789 1353 2823 va?
1388 2781 1595 2824 Potrehbe
1629 2779 1735 2823 forse
1768 2781 1870 2823 darsi
1894 2815 1905 2836 ,
1936 2785 2019 2828 che

523 2854 606 2879 essa
630 2837 741 2881 fosse
769 2850 876 2881 stata
907 2842 1078 2883 recitata
1099 2840 1293 2883 nell³atto
1318 2840 1356 2882 d'
1375 2857 1505 2891 essere
1525 2852 1633 2883 stato
1655 2840 1734 2896 egli
1759 2841 2021 2897 proclamato

519 2896 585 2938 col
623 2898 760 2942 Breve
798 2898 914 2941 Gran
955 2901 1076 2943 Duca
1114 2901 1155 2942 di
1194 2902 1408 2951 Tcscana,
1441 2918 1463 2945 e
1496 2918 1580 2944 non
1613 2901 1676 2958 gia
1709 2900 1805 2944 nell’
1827 2915 1914 2946 atto
1948 2921 2012 2946 so-

518 2956 641 3002 leune
680 2957 789 3002 della
821 2960 864 3004 di
897 2959 960 3004 lui
996 2962 1347 3006 incoronazione?
