2441 3841
1670 471 1741 506 21

415 542 517 598 Die
545 543 766 599 Veneris
803 542 947 596 tertia
987 541 1163 596 Martii
1194 543 1281 598 SS.
1312 542 1574 600 Dominus
1610 542 1825 597 associa-

336 632 424 671 ms
452 639 477 671 a
506 640 645 673 xxm.
676 617 1040 672 cardinalibus
1069 638 1191 671 cum
1222 619 1361 674 Stola
1382 619 1653 674 descendit
1672 617 1738 671 ad
1769 621 1819 673 S.

337 694 578 765 Petrum,
606 696 771 749 oravit
806 692 1098 749 secundum
1126 714 1353 766 morem,
1380 713 1430 751 et
1457 696 1609 750 rediit
1637 694 1703 748 ad
1731 697 1825 750 Pa-

338 768 524 823 latium
566 814 576 826 .

414 846 516 900 Die
545 845 755 901 sabbati
784 858 965 918 quarta
994 843 1080 896 die
1109 845 1297 897 mensis
1327 848 1416 900 SS.
1446 847 1514 900 D.
1536 844 1821 899 celebravit

338 921 551 975 Missam
581 921 788 993 planam
815 922 871 970 in
910 939 999 971 sua
1036 918 1419 973 Guardarobba
1455 923 1717 974 serviente
1761 920 1830 973 de

340 997 668 1066 manutergio
687 997 740 1047 in
769 993 962 1047 lotione
981 1013 1237 1046 manuum
1258 996 1331 1050 M.
1354 997 1506 1050 Duce
1535 997 1787 1058 Etruriae
1809 1039 1820 1050 .

339 1070 548 1125 Deinde
578 1074 665 1126 SS.
695 1070 958 1124 Dominus
987 1071 1394 1124 communicavit
1417 1073 1591 1144 ipsum
1620 1074 1826 1126 Ducem

309 1146 313 1148 Ἴ
342 1146 593 1203 indutum
622 1146 804 1200 habitu
834 1144 1053 1199 Ordinis
1081 1148 1133 1200 S.
1151 1146 1426 1219 Stephani,
1447 1149 1705 1222 quosdam
1725 1148 1830 1200 Mi-

344 1222 461 1277 lites
506 1223 745 1297 ejusdem
789 1220 1006 1277 Ordinis
1027 1266 1041 1292 ,
1077 1238 1129 1276 et
1176 1221 1300 1277 alios
1344 1223 1616 1280 familiares
1661 1224 1825 1298 ipsius

345 1299 540 1354 Ducis.
902 1352 909 1364 ,

423 1376 526 1429 Die
553 1375 831 1429 Dominica
852 1374 1020 1450 (qnae
1049 1373 1116 1428 de
1137 1376 1385 1431 Laetare
1423 1375 1652 1452 dicitur)
1675 1376 1830 1452 quin-

346 1465 395 1504 ta
431 1451 557 1504 dicii
599 1454 786 1505 mensis
814 1453 889 1507 M.
920 1453 1044 1505 Dux
1073 1449 1317 1522 indutus,
1346 1453 1565 1512 subtana
1594 1453 1795 1507 brocati
1818 1495 1832 1522 ‚

345 1526 506 1599 vulgo
534 1527 661 1581 dicti
691 1528 761 1583 cle
789 1531 958 1583 riccio
1005 1548 1167 1599 sopra
1205 1533 1404 1599 ricem,
1432 1549 1552 1583 ense
1590 1530 1833 1585 inaurato

346 1621 471 1654 cum
516 1618 732 1656 centnra
775 1603 960 1657 velluti
1007 1605 1292 1674 cremisini‚
1322 1621 1374 1659 et
1422 1622 1564 1660 veste
1604 1606 1831 1678 desuper

343 1675 496 1748 longa
526 1697 692 1752 usque
721 1679 787 1731 ad
816 1694 1004 1732 terram
1022 1719 1036 1745 ,
1054 1678 1121 1730 ab
1148 1695 1297 1734 antea
1327 1697 1501 1752 aperta
1519 1725 1532 1750 ‚
1552 1681 1619 1734 de
1640 1680 1836 1734 vellnto

348 1754 625 1806 cremisino
653 1772 777 1807 cum
805 1754 1017 1806 manicis
1045 1751 1195 1824 largis
1225 1757 1345 1809 satis
1375 1777 1544 1831 usque
1572 1755 1641 1809 ad
1668 1757 1836 1828 gumi-

364 1843 421 1884 to
458 1827 526 1881 de
566 1828 872 1883 Ermellinis
908 1827 1176 1897 foderatis,
1207 1846 1256 1884 et
1299 1831 1460 1886 bacco
1496 1830 1562 1884 de
1599 1831 1838 1904 ejusdem

349 1904 577 1980 pellibus
605 1904 763 1978 longo
791 1926 884 1980 per
913 1905 1046 1959 duos
1072 1905 1273 1979 palmos
1307 1909 1361 1962 in
1391 1909 1552 1978 circa,
1572 1925 1621 1962 et
1640 1908 1838 1962 birreto

351 2055 400 2099 fu
446 2057 652 2113 aggiunta
685 2058 737 2101 da
785 2056 964 2101 Vrbano
1012 2056 1128 2100 VIII.
1177 2056 1324 2103 l'aitra
1367 2058 1474 2103 della
1516 2058 1558 2101 S.
1589 2060 1756 2114 Croce,
1787 2077 1840 2104 ne

350 2116 468 2174 parla
502 2133 523 2158 a
567 2116 699 2173 lungo
736 2115 768 2158 il
802 2118 880 2161 Ch.
917 2120 1000 2174 Sig.
1035 2117 1267 2161 Francesco
1311 2118 1556 2162 Cancellieri
1604 2119 1714 2163 nella
1759 2137 1833 2162 sua

349 2175 459 2219 bella
495 2178 797 2221 Descrizione
819 2178 941 2221 delle
977 2180 1203 2222 Funziom·
1222 2179 1348 2223 della
1382 2180 1638 2223 Settimana
1665 2179 1837 2223 Sama.

351 2238 500 2280 Roma
545 2242 666 2283 1818.
703 2243 741 2283 8.
774 2253 877 2294 pag.
921 2238 1017 2292 144.
1050 2255 1074 2279 e
1106 2252 1220 2296 segg.
1254 2240 1308 2282 Se
1344 2238 1529 2298 qualche
1552 2238 1746 2283 Sovrano
1781 2240 1835 2280 ha

349 2296 541 2339 bramato
573 2298 614 2339 di
636 2295 803 2340 vederle
839 2298 890 2339 da
920 2299 1080 2349 vicino,
1112 2299 1247 2352 prima
1271 2304 1293 2342 ὲ·
1325 2311 1434 2343 stato
1454 2299 1629 2340 ase-rino
1667 2297 1734 2340 nel
1760 2314 1840 2340 nu-

346 2371 466 2399 mero
499 2356 786 2399 de’Canonici
826 2361 1187 2415 soprannumerarj
1218 2391 1233 2411 ,
1269 2377 1291 2403 e
1330 2377 1384 2403 ne
1423 2359 1479 2400 ha
1522 2374 1640 2415 preso
1678 2358 1708 2399 il
1744 2356 1837 2400 loro

351 2416 466 2458 abito
489 2449 505 2470 ,
539 2416 693 2474 poiche
724 2434 746 2459 a
776 2418 910 2460 niuno
931 2449 943 2472 ,
981 2418 1091 2460 fuori
1118 2418 1206 2461 che-
1236 2420 1286 2461 ad
1327 2421 1433 2470 essi,
1472 2422 1494 2460 ῥ
1537 2428 1749 2473 permesso
1795 2418 1848 2473 di*

352 2473 474 2520 salire
519 2476 586 2520 nel
607 2476 770 2533 luogo,
802 2479 911 2520 dove
937 2477 975 2520 le
1009 2480 1041 2520 si
1061 2493 1317 2522 conservano
1336 2499 1347 2532 3
1368 2479 1505 2524 disaui
1544 2479 1751 2534 Federigo
1776 2494 1840 2519 ιη.

350 2536 466 2592 dopo
501 2538 691 2582 ricevu'ta
731 2536 770 2579 la
808 2538 972 2580 Corona
1010 2538 1244 2594 Imperiale
1302 2540 1353 2582 da
1386 2539 1562 2583 Nica-old)
1597 2555 1651 2587 v,
1676 2538 1835 2580 vestito

352 2595 462 2638 della
503 2597 648 2655 Cappa
686 2596 939 2640 canonicale
991 2597 1062 2640 sali
1098 2615 1126 2640 a
1177 2599 1607 2644 ve11erarle,x'‘1·han0
1629 2598 1741 2640 Vni.
1770 2613 1840 2652 per

351 2654 408 2698 tal
441 2656 526 2701 fine
555 2662 650 2703 ereb
671 2658 881 2700 Canonico
903 2658 946 2700 di
968 2656 1008 2702 S.
1038 2659 1179 2702 Pietro
1203 2659 1230 2701 il
1253 2661 1447 2718 Principe
1476 2658 1693 2710 LadisiaQ
1718 2656 1836 2711 figlio

351 2715 421 2758 del
454 2719 520 2761 Re
534 2718 576 2761 di
597 2717 791 2763 Pollonia
806 2751 822 2771 ,
842 2733 963 2763 come
981 2717 1071 2762 fece
1104 2721 1360 2763 Innocenzio
1388 2737 1462 2764 ΧΠ.
1483 2734 1561 2762 con
1585 2718 1756 2760 Cosimo
1778 2730 1838 2756 111.

354 2774 471 2818 Gran
493 2777 612 2821 Duca
634 2780 677 2822 di
699 2781 887 2821 Toscana
905 2810 916 2832 ,
937 2795 959 2821 a
983 2781 1053 2822 cui
1073 2811 1086 2834 9
1108 2795 1233 2824 come
1257 2783 1474 2825 canonico
1497 2776 1738 2822 dell'istessa
1762 2775 1839 2816 Ba-

353 2832 483 2888 silica,
504 2849 618 2881 sotto
641 2837 667 2879 1⁷
685 2839 825 2881 istesso
844 2839 1078 2896 Pontefice,
1095 2839 1248 2885 surono
1266 2840 1472 2887 celebrate
1493 2837 1654 2884 solenni
1671 2834 1837 2891 esequie

352 2892 403 2935 da
424 2905 538 2939 tutto
555 2896 656 2956 quel
685 2896 884 2956 Capitolo
904 2932 913 2942 .
