2441 3841
729 526 766 590 4

571 635 620 672 et
658 615 1033 670 descendentes
1069 634 1129 667 ex
1165 615 1314 690 equis
1353 612 1688 687 congratulati
1724 614 1962 684 fuerunt,
1993 614 2043 669 et

570 695 704 748 bene
733 695 852 761 visi,
872 708 924 744 et
954 692 1144 764 recepti
1173 691 1515 744 ascenderunt
1545 711 1734 765 equos,
1761 706 1809 742 et
1838 691 2045 745 iverunt

571 786 690 823 ante
720 770 892 842 ipsum
921 770 1153 822 Ducem.
1183 767 1426 821 Familiae
1474 766 1759 820 multorum
1797 765 2045 819 Cardina-

571 846 703 899 lium
734 846 1106 913 obviaverunt,
1127 860 1176 897 et
1203 846 1414 898 nomine
1445 863 1664 897 suorum
1695 843 2046 896 Dominorum

573 921 909 994 congratulati
955 921 1169 974 fuerunt
1213 924 1434 993 majores
1479 940 1542 973 ex
1587 919 1740 972 dictis
1788 918 2046 988 familiis,

573 1019 802 1073 quorum
831 998 990 1071 aliqui
1027 996 1400 1050 descendentes
1437 1017 1499 1050 ex
1528 996 1700 1070 equis,
1730 994 1813 1047 alii
1859 1011 2048 1048 stantes

572 1075 625 1127 in
639 1075 787 1148 equis
800 1073 962 1127 functi
984 1090 1103 1126 sunt
1113 1073 1211 1126 hoc
1222 1074 1411 1127 officio.
1427 1076 1617 1128 Orator
1631 1072 1781 1143 Regis
1795 1070 2051 1124 Catholici

572 1151 801 1203 obviavit
829 1170 995 1224 usque
1014 1148 1079 1201 ad
1098 1150 1533 1205 Pontem.Orator
1549 1149 1729 1202 ·Ducis
1748 1147 1938 1202 Vrbini
1959 1148 2053 1200 ivit

574 1226 783 1278 obviam
829 1246 997 1300 usque
1038 1245 1200 1298 prope
1245 1227 1493 1295 Vineam,
1539 1240 1590 1278 et
1634 1223 1955 1278 descendens
1991 1244 2049 1276 ex

578 1322 720 1377 equo
752 1301 1137 1375 congratulatus
1165 1301 1286 1356 fuit.

952 1494 1100 1547 Dux
1128 1491 1430 1565 equitando
1460 1491 1675 1546 medius

1043 1571 1192 1622 inter
1219 1568 1578 1624 Cardinczles.

656 1758 787 1811 Erat
816 1758 941 1812 Dux
971 1756 1227 1828 praefatus
1256 1756 1463 1809 medius
1504 1757 1638 1810 inter
1674 1751 2060 1812 Reverendissi-

579 1853 693 1889 mos
713 1837 762 1888 S.
779 1833 1008 1904 Georgii,
1023 1849 1072 1886 et
1093 1831 1519 1886 Alexandrinum.
1532 1833 1897 1907 Sequebantur
1915 1828 2061 1881 dein-

580 1908 650 1962 de
696 1908 999 1964 Cardinales
1047 1905 1332 1981 supradicti
1364 1953 1377 1978 ,
1425 1924 1475 1962 et
1531 1909 1764 1962 Medices
1796 1930 1808 1976 3
1865 1903 2061 1959 deinde

582 1984 800 2060 quidam
829 1984 1046 2039 Praelati
1064 2029 1079 2056 ,
1106 1988 1242 2039 inter
1270 2005 1402 2060 qnos
1430 2000 1536 2038 erat
1559 1985 1749 2039 Orator
1769 1984 1928 2056 ipsius
1948 1982 2065 2035 Du-

583 2063 680 2116 cis,
712 2062 771 2114 In
801 2063 969 2117 Vinea
1025 2061 1361 2135 expectabant
1407 2061 1580 2132 ipsum
1626 2056 2064 2116 Reverendissimi

582 2138 781 2191 Montis
826 2137 1088 2206 Politiani,
1118 2140 1380 2205 Pisarum,
1410 2135 1669 2203 Sabellus,
1700 2134 2065 2199 Ferrariensis,

583 2230 634 2266 et
662 2213 728 2265 de
758 2214 1015 2286 Aragona,
1049 2215 1139 2288 qui
1169 2227 1500 2267 occurrerant
1536 2232 1703 2287 usque
1739 2225 1943 2285 portam
1971 2210 2066 2262 Pa-

581 2288 688 2342 latii
718 2291 878 2362 ipsius
910 2293 1130 2359 Vineae,
1160 2289 1280 2343 licet
1308 2288 1470 2364 aliqui
1514 2289 1752 2361 ipsorum
1796 2286 2066 2350 dixissent,

585 2366 734 2439 quod
781 2366 1058 2437 indignum
1105 2382 1211 2420 erat
1257 2364 1574 2419 descendere
1621 2364 1688 2417 de
1735 2361 1976 2426 cameris,
2014 2375 2066 2410 et

585 2442 735 2515 quod
765 2441 1029 2496 debebant
1058 2458 1324 2515 expectare
1344 2443 1398 2493 in
1419 2440 1532 2493 aula
1547 2485 1560 2510 ,
1580 2442 1684 2493 sive
1705 2438 1941 2493 cameris,
1965 2434 2070 2490 Sed

586 2518 652 2569 sit
682 2517 1208 2592 quomodocunque,
1237 2516 1539 2589 simpliciter
1558 2561 1571 2585 ,
1601 2532 1661 2570 ut
1690 2514 1818 2571 mihi
1847 2511 2070 2567 relatum

586 2592 690 2648 fuit
707 2636 721 2662 ,
751 2595 950 2666 recepti
981 2593 1193 2647 fuerunt
1223 2594 1288 2647 ab
1316 2594 1429 2666 ipso
1459 2593 1633 2648 Dnce.

929 2786 1173 2839 Habitus
1200 2784 1382 2839 Ducis
1419 2784 1481 2836 in
1510 2785 1729 2837 itinere.

588 2939 821 2979 Tommaso
840 2934 999 2977 Corsini
1022 2966 1033 2986 ‚
1056 2935 1124 2976 cui
1151 2933 1277 2991 pochi
1312 2933 1414 2975 mesi
1453 2933 1566 2989 dopo
1588 2934 1782 2979 rinunzio
1797 2968 1805 2978 .
1829 2933 1875 2976 In
1896 2931 1952 2976 tal
1973 2948 2070 2975 con-

589 2991 791 3054 giuntura
813 2994 937 3039 fet-esi
962 2995 1218 3051 distinguere
1240 2992 1279 3036 la
1298 3009 1373 3037 sua
1398 2993 1710 3050 magnificenza.
