2441 3841
1703 535 1764 587 51

368 608 489 647 mus,
521 607 561 637 et
596 608 820 657 utramque
853 600 1056 647 familiam
1090 624 1141 653 eo
1173 611 1333 655 vinculi
1366 632 1545 674 genere,
1577 625 1692 680 quod
1727 627 1842 675 idem

367 667 426 696 est
459 659 654 700 omnium
687 662 993 718 arctissimum,
1019 679 1147 725 atque
1165 675 1474 720 sanctissimum
1492 713 1500 728 ,
1533 685 1804 734 astrinximus
1823 725 1840 744 ,

367 713 596 773 ipsumque
639 721 681 760 in
725 724 932 766 sororium
967 740 1155 773 nostrum
1197 739 1523 790 cooptavimus.
1561 746 1673 788 Cum
1708 749 1840 804 igitur

367 777 567 820 eumdem
603 779 769 823 Ducem
803 783 1072 830 Franciscum
1098 824 1106 839 ,
1125 796 1246 848 cujus
1280 796 1321 836 in
1357 812 1453 851 nos,
1477 798 1738 863 Sacrumque
1757 811 1841 854 [m-

362 839 557 891 perium,
590 840 851 896 praeclarae,
885 860 1199 907 propensaeque
1232 853 1464 900 voluntatis
1507 865 1699 909 studium
1721 901 1729 917 ,
1760 887 1838 914 nec

360 909 444 938 non
477 899 520 938 in
564 900 921 953 administranda,
960 907 1302 969 moderandaque
1340 918 1526 971 justitia,
1567 938 1613 964 ac
1656 929 1835 975 subditis

358 956 442 996 suis
475 969 585 999 recte
607 990 619 1010 ,
649 958 914 1019 feliciterque
961 968 1153 1020 regendis
1199 973 1419 1029 singularis
1452 977 1599 1034 religio
1624 1017 1633 1032 ‚
1664 988 1799 1032 virtus
1818 1024 1835 1045 ,

355 1025 482 1070 atque
515 1018 737 1072 prudentia
757 1052 770 1074 ,
814 1022 1127 1078 nobis-jamdiu
1178 1046 1420 1090 perspecta,
1455 1042 1708 1100 cognitaque
1741 1061 1834 1106 est,

353 1073 529 1127 dignum
570 1078 748 1121 omnino
787 1095 1059 1139 censeamUS‚
1090 1104 1221 1146 quem
1258 1110 1337 1137 una
1386 1112 1488 1139 cum
1527 1108 1832 1155 successoribus

351 1134 461 1187 suis,
493 1134 643 1177 illustri
675 1139 860 1195 quodam
884 1143 1126 1201 dignitatis,
1150 1163 1191 1194 et
1213 1152 1384 1199 honoris
1414 1156 1508 1201 loeo
1540 1161 1796 1209 collocemus
1818 1203 1832 1227 ‚

349 1193 494 1250 sicque
525 1197 684 1252 insigne
715 1200 889 1258 aliquod
922 1218 1083 1251 nostrae
1114 1211 1158 1253 in
1191 1213 1463 1260 dilectionem
1496 1237 1614 1265 suam
1635 1241 1830 1284 ,propen-

349 1253 532 1298 sissimae
572 1256 803 1303 voluntatis
825 1263 1135 1313 documentum
1161 1277 1334 1330 posteris
1356 1277 1674 1338 relinquemus,
1698 1300 1828 1346 atque

350 1313 522 1371 insuper
542 1350 550 1365 ,
585 1331 746 1374 praeter
777 1337 1009 1368 memorata
1030 1364 1038 1378 ,
1058 1329 1189 1387 ipsius
1212 1334 1343 1378 Ducis
1367 1339 1574 1384 Franmsci
1601 1345 1797 1404 obsequia
1814 1384 1828 1406 ,

348 1373 548 1430 virtutes,
571 1389 699 1436 atque
725 1383 895 1438 merita,
916 1390 1075 1441 generis
1097 1392 1201 1437 item
1226 1396 1488 1442 nobilitatem
1507 1434 1520 1454 ,
1543 1415 1671 1461 atque
1691 1407 1828 1465 splen·

345 1432 491 1477 dorem
515 1468 528 1487 ,
560 1453 607 1479 ac
638 1442 892 1489 arctissimae
936 1448 1148 1494 affinitatis
1179 1459 1533 1504 necessitudinem
1566 1466 1708 1508 auimo
1740 1468 1824 1514 cle-

344 1497 608 1539 mentissimo
639 1512 907 1558 repetamus,
931 1522 1040 1563 quae
1073 1511 1290 1557 nobiscum
1327 1519 1378 1560 ab
1412 1519 1576 1577 aliquot
1608 1528 1724 1570 annis
1750 1545 1824 1587 per

342 1551 551 1599 lllustriss.
586 1559 793 1605 Cosmum
817 1565 1029 1610 Medicem
1052 1603 1060 1617 ,
1079 1575 1201 1628 cujus
1220 1579 1348 1619 etiam
1373 1581 1417 1621 in
1450 1581 1570 1625 divos
1601 1590 1820 1641 quondam.

343 1612 620 1670 Imperatores
653 1621 853 1668 Carolum
878 1627 1097 1684 Quintum
1119 1664 1132 1685 ‚
1155 1646 1196 1677 et
1219 1636 1538 1684 Ferdinandum
1559 1676 1569 1694 ,
1591 1645 1786 1692 dominos
1805 1684 1818 1706 ,

339 1685 540 1727 patruum
563 1709 575 1729 ,
606 1696 796 1725 socerum
818 1717 828 1737 ,
853 1697 892 1727 et
926 1690 1157 1740 genitorem
1192 1708 1351 1740 nostros
1371 1699 1633 1747 charissimos
1653 1739 1665 1760 ,
1687 1725 1821 1766 augu-

335 1733 512 1778 stissime
547 1742 749 1783 memorie
769 1774 780 1794 9
812 1759 856 1784 ac
883 1762 954 1787 nos
974 1749 1110 1803 ipsos,
1143 1754 1371 1808 insignium
1417 1762 1669 1808 meritorum
1704 1782 1821 1824 grata

335 1795 450 1846 apud
484 1812 556 1838 nos
588 1810 702 1841 extat
735 1806 938 1847 memoria
959 1837 974 1856 ,
1008 1824 1144 1866 eoque
1178 1827 1319 1869 postea
1354 1819 1566 1875 defunto,
1586 1840 1661 1881 per
1691 1828 1818 1885 ipum.

332 1846 473 1896 'filium
490 1888 502 1909 ,
526 1868 567 1898 et
590 1874 864 1906 successorem
889 1881 1018 1909 suum
1042 1870 1278 1925 praefatum
1305 1877 1576 1925 Franciscum
1600 1887 1814 1936 Medicem

331 1911 493 1969 Duces,
529 1917 581 1960 de
614 1918 770 1975 Magno
804 1926 998 1971 Etruriae
1031 1930 1206 1976 Ducatu
1238 1947 1328 1979 acta
1360 1951 1488 1994 sunt,
1521 1946 1808 2007 omnibusque

329 1982 420 2015 tum
457 1977 572 2019 Sacri
605 1980 789 2024 Romani
820 1986 995 2042 Imperii
1029 1989 1295 2050 Principibus
1317 1996 1582 2047 Electoribus
1606 2005 1648 2048 in
1670 2022 1811 2054 matu·

326 2047 415 2074 ram
450 2035 798 2085 deliberationem
831 2045 1055 2102 deductis,
1089 2062 1175 2094 tam
1208 2071 1332 2112 supra
1373 2066 1648 2118 memoratis,
1680 2085 1813 2126 quam

325 2090 416 2135 aliis
447 2097 567 2149 justis
584 2130 596 2151 ‚
628 2111 670 2141 et
702 2104 1020 2149 rationabilibus
1039 2114 1173 2154 causis
1192 2114 1347 2172 impuli
1368 2131 1491 2162 motu
1513 2128 1685 2182 proprio
1701 2162 1717 2182 ,
1757 2147 1810 2173 ex

323 2164 432 2195 certa
465 2157 635 2201 scientia
660 2174 818 2219 nostra,
840 2167 983 2209 animo
1016 2168 1121 2213 bene
1153 2173 1382 2221 deliberato
1399 2213 1408 2228 ‚
1426 2194 1474 2221 ac
1495 2198 1593 2227 sano
1611 2218 1623 2239 ,
1647 2201 1809 2233 nostro·

317 2392 392 2444 sti,
409 2410 429 2435 a
445 2411 534 2452 quo
566 2403 703 2444 omnis
734 2404 1000 2464 Principatus
1017 2444 1028 2465 ,
1048 2424 1089 2456 et
1110 2413 1247 2459 honor
1259 2432 1480 2474 promanat
1506 2456 1517 2477 ,
1537 2428 1718 2470 eundem
1749 2430 1798 2472 ll·

317 2449 486 2499 lustriss.
521 2458 792 2508 Franciscum
827 2467 1038 2515 Medicem
1070 2473 1239 2519 Ducem
1260 2509 1272 2531 ‚
1296 2481 1474 2539 ejusque
1498 2485 1796 2534 descendentes

316 2512 358 2554 in
392 2515 634 2573 infinitum,
668 2525 874 2571 masculos
913 2528 1155 2590 legitimos,
1194 2549 1234 2579 et
1269 2541 1506 2596 naturales,
1530 2562 1576 2587 ac
1609 2545 1691 2589 illis
1723 2551 1795 2593 de-

317 2572 573 2628 ficientibus,
603 2582 670 2624 vel
694 2602 776 2628 non
799 2592 1039 2636 extantibus
1058 2625 1070 2647 ,
1092 2598 1367 2653 proximiores
1399 2606 1604 2650 masculos
1627 2625 1678 2651 ex
1704 2612 1794 2653 Me-

313 2633 427 2676 dicea
460 2637 641 2683 Familia
660 2676 674 2696 ,
707 2648 748 2687 in
783 2663 1041 2706 perpetuum
1065 2687 1076 2708 9
1096 2669 1144 2699 ut
1175 2674 1301 2715 supra
1320 2691 1332 2713 ‚
1355 2679 1501 2708 omnes
1525 2679 1665 2710 tamen
1698 2686 1791 2713 suc·

312 2709 495 2740 cessuros
509 2703 673 2756 ordine,
698 2722 744 2748 ac
765 2711 857 2763 jure
881 2714 1145 2770 primogenii‚
1166 2720 1208 2760 in
1233 2721 1403 2774 Magnos
1417 2724 1558 2770 Duces
1576 2730 1790 2785 Etruriae,

290 2769 460 2799 aeorum
495 2758 686 2807 locorum
707 2801 716 2816 ,
741 2785 851 2826 quae
874 2773 1033 2818 ibidem
1069 2778 1156 2834 ipse
1188 2779 1289 2822 Dux
1315 2782 1559 2830 Franciscus
1586 2791 1785 2844 possidet,

308 2828 382 2856 seu
415 2817 465 2858 ad
498 2836 599 2864 eum
634 2828 871 2883 pertinent,
904 2846 945 2877 et
978 2836 1112 2891 ipsam
1145 2840 1412 2885 Provinciam
1447 2850 1675 2903 respective
1695 2882 1708 2900 ,
1732 2852 1785 2893 ad

309 2877 520 2930 propriam
553 2882 804 2937 dignitatem
824 2923 836 2943 ,
868 2909 1023 2936 nomen
1042 2929 1057 2948 ,
1080 2911 1121 2941 et
1146 2898 1324 2943 titulum
1360 2904 1500 2961 Magni
1525 2907 1716 2951 Ducatns
1740 2927 1783 2953 re

308 2934 393 2988 ipsa
416 2967 427 2986 ,
450 2948 489 2979 et
522 2955 620 2983 cum
657 2948 808 2991 effectu
832 2955 1053 2996 eveximus
1071 2989 1082 3005 ,
1101 2959 1407 3014 exaltavimus,
1430 2964 1774 3014 sublimavimus,

308 3005 347 3036 et
381 2995 759 3054 amplificas-imus:
793 3010 1022 3070 ipsumque
1055 3016 1223 3062 Ducem
1256 3020 1614 3082 Franciscum9et
1646 3029 1780 3075 dictos
