<?xml version="1.0" encoding="UTF-8"?>
<!DOCTYPE html PUBLIC "-//W3C//DTD XHTML 1.0 Transitional//EN"
    "http://www.w3.org/TR/xhtml1/DTD/xhtml1-transitional.dtd">
<html xmlns="http://www.w3.org/1999/xhtml" xml:lang="en" lang="en">
 <head>
  <title>
</title>
<meta http-equiv="Content-Type" content="text/html;charset=utf-8" />
  <meta name='ocr-system' content='tesseract 3.04.00' />
  <meta name='ocr-capabilities' content='ocr_page ocr_carea ocr_par ocr_line ocrx_word'/>
</head>
<body>
  <div class='ocr_page' id='page_1' title='image "./dellasolenneinco00firm_0111.png"; bbox 0 0 2441 3841; ppageno 0'>
   <div class='ocr_carea' id='block_1_1' title="bbox 340 577 1822 1503">
    <p class='ocr_par' dir='ltr' id='par_1_1' title="bbox 343 577 1822 1113">
     <span class='ocr_line' id='line_1_1' title="bbox 429 577 1821 665; baseline 0.016 -34"><span class='ocrx_word' id='word_1_1' title='bbox 429 577 533 632; x_wconf 90' lang='lat' dir='ltr'><strong>Die</strong></span> <span class='ocrx_word' id='word_1_2' title='bbox 578 597 751 654; x_wconf 88' lang='lat' dir='ltr'><strong>postea</strong></span> <span class='ocrx_word' id='word_1_3' title='bbox 803 583 984 641; x_wconf 79' lang='lat' dir='ltr'><strong>Martis</strong></span> <span class='ocrx_word' id='word_1_4' title='bbox 1039 582 1300 665; x_wconf 85' lang='lat' dir='ltr'><strong>sequentis</strong></span> <span class='ocrx_word' id='word_1_5' title='bbox 1360 591 1457 649; x_wconf 88' lang='lat' dir='ltr'><strong>feci</strong></span> <span class='ocrx_word' id='word_1_6' title='bbox 1511 591 1580 648; x_wconf 89' lang='lat' dir='ltr'><strong>de</strong></span> <span class='ocrx_word' id='word_1_7' title='bbox 1633 595 1821 653; x_wconf 82' lang='lat' dir='ltr'><strong>ordine</strong></span> 
     </span>
     <span class='ocr_line' id='line_1_2' title="bbox 358 651 1822 742; baseline 0.016 -37"><span class='ocrx_word' id='word_1_8' title='bbox 358 651 492 707; x_wconf 83' lang='lat' dir='ltr'>Suae</span> <span class='ocrx_word' id='word_1_9' title='bbox 520 658 809 715; x_wconf 79' lang='lat' dir='ltr'><strong>sanctitatis</strong></span> <span class='ocrx_word' id='word_1_10' title='bbox 843 682 1028 718; x_wconf 88' lang='lat' dir='ltr'><strong>vocare</strong></span> <span class='ocrx_word' id='word_1_11' title='bbox 1056 665 1124 719; x_wconf 87' lang='lat' dir='ltr'><strong>ad</strong></span> <span class='ocrx_word' id='word_1_12' title='bbox 1152 666 1621 742; x_wconf 80' lang='lat' dir='ltr'><strong>Congregationem</strong></span> <span class='ocrx_word' id='word_1_13' title='bbox 1656 674 1822 728; x_wconf 86' lang='lat' dir='ltr'><strong>Reve-</strong></span> 
     </span>
     <span class='ocr_line' id='line_1_3' title="bbox 355 728 1819 818; baseline 0.016 -38"><span class='ocrx_word' id='word_1_14' title='bbox 355 728 571 788; x_wconf 88' lang='lat' dir='ltr'><strong>rendiss.</strong></span> <span class='ocrx_word' id='word_1_15' title='bbox 601 735 890 793; x_wconf 89' lang='lat' dir='ltr'><strong>Moronum</strong></span> <span class='ocrx_word' id='word_1_16' title='bbox 913 783 927 808; x_wconf 87' lang='lat'>‚</span> <span class='ocrx_word' id='word_1_17' title='bbox 964 741 1266 797; x_wconf 83' lang='lat' dir='ltr'><strong>Farnesium</strong></span> <span class='ocrx_word' id='word_1_18' title='bbox 1289 787 1303 813; x_wconf 84' lang='lat'>,</span> <span class='ocrx_word' id='word_1_19' title='bbox 1331 745 1596 801; x_wconf 85' lang='lat' dir='ltr'><strong>Sabellum</strong></span> <span class='ocrx_word' id='word_1_20' title='bbox 1618 792 1633 818; x_wconf 85' lang='lat'>‚</span> <span class='ocrx_word' id='word_1_21' title='bbox 1664 750 1819 804; x_wconf 88' lang='lat' dir='ltr'><strong>Vrbi-</strong></span> 
     </span>
     <span class='ocr_line' id='line_1_4' title="bbox 353 811 1820 886; baseline 0.017 -31"><span class='ocrx_word' id='word_1_22' title='bbox 353 823 484 858; x_wconf 85' lang='lat' dir='ltr'><strong>num</strong></span> <span class='ocrx_word' id='word_1_23' title='bbox 505 850 519 876; x_wconf 81' lang='grc'>,</span> <span class='ocrx_word' id='word_1_24' title='bbox 550 811 599 864; x_wconf 91' lang='lat' dir='ltr'><strong>S.</strong></span> <span class='ocrx_word' id='word_1_25' title='bbox 630 812 778 881; x_wconf 76' lang='lat' dir='ltr'><strong>Sisti‚</strong></span> <span class='ocrx_word' id='word_1_26' title='bbox 806 830 857 867; x_wconf 90' lang='lat' dir='ltr'><strong>et</strong></span> <span class='ocrx_word' id='word_1_27' title='bbox 885 814 1213 872; x_wconf 85' lang='lat' dir='ltr'><strong>Madrutium</strong></span> <span class='ocrx_word' id='word_1_28' title='bbox 1236 861 1250 886; x_wconf 89' lang='lat'>‚</span> <span class='ocrx_word' id='word_1_29' title='bbox 1278 835 1335 872; x_wconf 91' lang='lat' dir='ltr'><strong>ut</strong></span> <span class='ocrx_word' id='word_1_30' title='bbox 1362 840 1486 875; x_wconf 90' lang='lat' dir='ltr'><strong>cum</strong></span> <span class='ocrx_word' id='word_1_31' title='bbox 1525 825 1595 877; x_wconf 91' lang='lat' dir='ltr'><strong>eis</strong></span> <span class='ocrx_word' id='word_1_32' title='bbox 1633 845 1820 879; x_wconf 87' lang='lat' dir='ltr'><strong>consu-</strong></span> 
     </span>
     <span class='ocr_line' id='line_1_5' title="bbox 349 876 1819 972; baseline 0.018 -43"><span class='ocrx_word' id='word_1_33' title='bbox 349 876 479 934; x_wconf 83' lang='lat' dir='ltr'>leret</span> <span class='ocrx_word' id='word_1_34' title='bbox 508 885 642 958; x_wconf 88' lang='lat' dir='ltr'><strong>quid</strong></span> <span class='ocrx_word' id='word_1_35' title='bbox 668 903 798 942; x_wconf 89' lang='lat' dir='ltr'><strong>esset</strong></span> <span class='ocrx_word' id='word_1_36' title='bbox 826 889 1253 961; x_wconf 88' lang='lat' dir='ltr'><strong>respondendum</strong></span> <span class='ocrx_word' id='word_1_37' title='bbox 1283 896 1559 951; x_wconf 77' lang='lat' dir='ltr'><strong>Caesareae</strong></span> <span class='ocrx_word' id='word_1_38' title='bbox 1580 900 1819 972; x_wconf 70' lang='lat' dir='ltr'><strong>Maiesta-</strong></span> 
     </span>
     <span class='ocr_line' id='line_1_6' title="bbox 347 955 1816 1046; baseline 0.016 -40"><span class='ocrx_word' id='word_1_39' title='bbox 347 955 384 1006; x_wconf 78' lang='lat' dir='ltr'><strong>ti</strong></span> <span class='ocrx_word' id='word_1_40' title='bbox 413 956 548 1011; x_wconf 84' lang='lat' dir='ltr'><strong>circa</strong></span> <span class='ocrx_word' id='word_1_41' title='bbox 568 963 993 1018; x_wconf 81' lang='lat' dir='ltr'><strong>protestationem</strong></span> <span class='ocrx_word' id='word_1_42' title='bbox 1021 964 1204 1021; x_wconf 88' lang='lat' dir='ltr'><strong>factam</strong></span> <span class='ocrx_word' id='word_1_43' title='bbox 1225 989 1320 1041; x_wconf 86' lang='lat' dir='ltr'><strong>per</strong></span> <span class='ocrx_word' id='word_1_44' title='bbox 1338 990 1493 1025; x_wconf 88' lang='lat' dir='ltr'><strong>suum</strong></span> <span class='ocrx_word' id='word_1_45' title='bbox 1514 974 1816 1046; x_wconf 79' lang='lat' dir='ltr'><strong>Oratorem,</strong></span> 
     </span>
     <span class='ocr_line' id='line_1_7' title="bbox 343 1030 1353 1113; baseline 0.02 -33"><span class='ocrx_word' id='word_1_46' title='bbox 343 1045 394 1082; x_wconf 85' lang='lat' dir='ltr'><strong>et</strong></span> <span class='ocrx_word' id='word_1_47' title='bbox 423 1030 686 1089; x_wconf 86' lang='lat' dir='ltr'><strong>Coronam</strong></span> <span class='ocrx_word' id='word_1_48' title='bbox 712 1036 885 1093; x_wconf 83' lang='lat' dir='ltr'><strong>datam</strong></span> <span class='ocrx_word' id='word_1_49' title='bbox 915 1040 1179 1113; x_wconf 86' lang='lat' dir='ltr'><strong>praedicto</strong></span> <span class='ocrx_word' id='word_1_50' title='bbox 1197 1046 1353 1100; x_wconf 87' lang='lat' dir='ltr'><strong>Duci.</strong></span> 
     </span>
    </p>

    <p class='ocr_par' dir='ltr' id='par_1_2' title="bbox 340 1109 1818 1503">
     <span class='ocr_line' id='line_1_8' title="bbox 419 1109 1818 1204; baseline 0.015 -41"><span class='ocrx_word' id='word_1_51' title='bbox 419 1109 523 1163; x_wconf 90' lang='lat' dir='ltr'><strong>Die</strong></span> <span class='ocrx_word' id='word_1_52' title='bbox 552 1111 732 1166; x_wconf 90' lang='lat' dir='ltr'><strong>Lunae</strong></span> <span class='ocrx_word' id='word_1_53' title='bbox 760 1117 810 1169; x_wconf 88' lang='grc'><strong>6.</strong></span> <span class='ocrx_word' id='word_1_54' title='bbox 839 1114 966 1170; x_wconf 82' lang='lat' dir='ltr'><strong>dicti</strong></span> <span class='ocrx_word' id='word_1_55' title='bbox 992 1121 1207 1190; x_wconf 87' lang='lat' dir='ltr'><strong>mensis,</strong></span> <span class='ocrx_word' id='word_1_56' title='bbox 1236 1121 1456 1195; x_wconf 86' lang='lat' dir='ltr'><strong>Magnus</strong></span> <span class='ocrx_word' id='word_1_57' title='bbox 1485 1125 1608 1179; x_wconf 83' lang='lat' dir='ltr'><strong>Dux</strong></span> <span class='ocrx_word' id='word_1_58' title='bbox 1643 1126 1665 1202; x_wconf 79' lang='lat'>(</span> <span class='ocrx_word' id='word_1_59' title='bbox 1693 1130 1818 1204; x_wconf 88' lang='lat' dir='ltr'><strong>quia</strong></span> 
     </span>
     <span class='ocr_line' id='line_1_9' title="bbox 340 1177 1817 1274; baseline 0.019 -42"><span class='ocrx_word' id='word_1_60' title='bbox 340 1177 410 1234; x_wconf 90' lang='lat' dir='ltr'><strong>de</strong></span> <span class='ocrx_word' id='word_1_61' title='bbox 437 1187 677 1258; x_wconf 85' lang='lat' dir='ltr'><strong>proximo</strong></span> <span class='ocrx_word' id='word_1_62' title='bbox 703 1189 910 1246; x_wconf 81' lang='lat' dir='ltr'><strong>Volebat</strong></span> <span class='ocrx_word' id='word_1_63' title='bbox 938 1193 1202 1272; x_wconf 78' lang='lat' dir='ltr'><strong>recedere)</strong></span> <span class='ocrx_word' id='word_1_64' title='bbox 1221 1197 1445 1274; x_wconf 85' lang='lat' dir='ltr'><strong>incoepit</strong></span> <span class='ocrx_word' id='word_1_65' title='bbox 1466 1203 1670 1256; x_wconf 83' lang='lat' dir='ltr'><strong>visitare</strong></span> <span class='ocrx_word' id='word_1_66' title='bbox 1690 1207 1817 1260; x_wconf 86' lang='lat' dir='ltr'><strong>Car-</strong></span> 
     </span>
     <span class='ocr_line' id='line_1_10' title="bbox 343 1255 1813 1352; baseline 0.018 -43"><span class='ocrx_word' id='word_1_67' title='bbox 343 1255 566 1331; x_wconf 79' lang='lat' dir='ltr'><strong>dinales‚</strong></span> <span class='ocrx_word' id='word_1_68' title='bbox 601 1280 652 1319; x_wconf 88' lang='lat' dir='ltr'><strong>et</strong></span> <span class='ocrx_word' id='word_1_69' title='bbox 689 1283 898 1323; x_wconf 87' lang='lat' dir='ltr'><strong>secutus</strong></span> <span class='ocrx_word' id='word_1_70' title='bbox 942 1269 1070 1340; x_wconf 82' lang='lat' dir='ltr'><strong>fuit,</strong></span> <span class='ocrx_word' id='word_1_71' title='bbox 1114 1271 1287 1329; x_wconf 87' lang='lat' dir='ltr'><strong>donec</strong></span> <span class='ocrx_word' id='word_1_72' title='bbox 1332 1278 1516 1331; x_wconf 88' lang='lat' dir='ltr'><strong>mansit</strong></span> <span class='ocrx_word' id='word_1_73' title='bbox 1556 1278 1610 1331; x_wconf 92' lang='lat' dir='ltr'><strong>in</strong></span> <span class='ocrx_word' id='word_1_74' title='bbox 1640 1281 1813 1352; x_wconf 81' lang='lat' dir='ltr'><strong>Vrbe,</strong></span> 
     </span>
     <span class='ocr_line' id='line_1_11' title="bbox 341 1336 1814 1428; baseline 0.019 -43"><span class='ocrx_word' id='word_1_75' title='bbox 341 1349 390 1386; x_wconf 86' lang='lat' dir='ltr'><strong>et</strong></span> <span class='ocrx_word' id='word_1_76' title='bbox 417 1336 506 1391; x_wconf 90' lang='lat' dir='ltr'><strong>illo</strong></span> <span class='ocrx_word' id='word_1_77' title='bbox 534 1339 742 1396; x_wconf 87' lang='lat' dir='ltr'><strong>interim</strong></span> <span class='ocrx_word' id='word_1_78' title='bbox 769 1342 892 1398; x_wconf 89' lang='lat' dir='ltr'><strong>fecit</strong></span> <span class='ocrx_word' id='word_1_79' title='bbox 918 1344 1230 1404; x_wconf 82' lang='lat' dir='ltr'><strong>distribuere</strong></span> <span class='ocrx_word' id='word_1_80' title='bbox 1257 1349 1485 1406; x_wconf 84' lang='lat' dir='ltr'><strong>infinitas</strong></span> <span class='ocrx_word' id='word_1_81' title='bbox 1520 1353 1814 1428; x_wconf 81' lang='lat' dir='ltr'><strong>eleemosy-</strong></span> 
     </span>
     <span class='ocr_line' id='line_1_12' title="bbox 340 1417 1811 1503; baseline 0.019 -42"><span class='ocrx_word' id='word_1_82' title='bbox 340 1429 427 1464; x_wconf 86' lang='lat' dir='ltr'><strong>nas</strong></span> <span class='ocrx_word' id='word_1_83' title='bbox 457 1433 551 1485; x_wconf 90' lang='lat' dir='ltr'><strong>per</strong></span> <span class='ocrx_word' id='word_1_84' title='bbox 579 1417 780 1472; x_wconf 81' lang='lat' dir='ltr'><strong>Vrbem</strong></span> <span class='ocrx_word' id='word_1_85' title='bbox 808 1419 1028 1476; x_wconf 84' lang='lat' dir='ltr'><strong>diversis</strong></span> <span class='ocrx_word' id='word_1_86' title='bbox 1056 1424 1438 1482; x_wconf 86' lang='lat' dir='ltr'><strong>miserabilibus</strong></span> <span class='ocrx_word' id='word_1_87' title='bbox 1466 1433 1697 1503; x_wconf 89' lang='lat' dir='ltr'><strong>personis</strong></span> <span class='ocrx_word' id='word_1_88' title='bbox 1718 1478 1731 1503; x_wconf 85' lang='lat'>‚</span> <span class='ocrx_word' id='word_1_89' title='bbox 1759 1450 1811 1488; x_wconf 88' lang='lat' dir='ltr'><strong>et</strong></span> 
     </span>
    </p>
   </div>
   <div class='ocr_carea' id='block_1_2' title="bbox 338 1487 796 1569">
    <p class='ocr_par' dir='ltr' id='par_1_3' title="bbox 338 1487 796 1569">
     <span class='ocr_line' id='line_1_13' title="bbox 338 1487 796 1569; baseline 0.026 -30"><span class='ocrx_word' id='word_1_90' title='bbox 338 1487 498 1543; x_wconf 85' lang='lat' dir='ltr'><strong>Locis</strong></span> <span class='ocrx_word' id='word_1_91' title='bbox 542 1493 647 1547; x_wconf 87' lang='lat' dir='ltr'><strong>Piis</strong></span> <span class='ocrx_word' id='word_1_92' title='bbox 685 1491 771 1569; x_wconf 78' lang='lat' dir='ltr'><strong>(a)</strong></span> <span class='ocrx_word' id='word_1_93' title='bbox 784 1538 796 1551; x_wconf 86' lang='lat'><strong>.</strong></span> 
     </span>
    </p>
   </div>
   <div class='ocr_carea' id='block_1_3' title="bbox 322 1684 1806 3012">
    <p class='ocr_par' dir='ltr' id='par_1_4' title="bbox 327 1684 1806 2236">
     <span class='ocr_line' id='line_1_14' title="bbox 327 1684 1805 1765; baseline 0.018 -40"><span class='ocrx_word' id='word_1_94' title='bbox 327 1684 547 1738; x_wconf 80' lang='lat' dir='ltr'><strong>judicium</strong></span> <span class='ocrx_word' id='word_1_95' title='bbox 571 1705 750 1747; x_wconf 76' lang='lat' dir='ltr'><strong>vergere</strong></span> <span class='ocrx_word' id='word_1_96' title='bbox 766 1694 1022 1752; x_wconf 82' lang='lat' dir='ltr'><strong>:Equidem</strong></span> <span class='ocrx_word' id='word_1_97' title='bbox 1041 1698 1264 1755; x_wconf 68' lang='lat' dir='ltr'><strong>Majestas</strong></span> <span class='ocrx_word' id='word_1_98' title='bbox 1287 1699 1386 1744; x_wconf 77' lang='lat' dir='ltr'><strong>Sua</strong></span> <span class='ocrx_word' id='word_1_99' title='bbox 1411 1703 1640 1747; x_wconf 84' lang='lat' dir='ltr'><strong>Caesarea</strong></span> <span class='ocrx_word' id='word_1_100' title='bbox 1658 1704 1805 1765; x_wconf 85' lang='lat' dir='ltr'><strong>Impe-</strong></span> 
     </span>
     <span class='ocr_line' id='line_1_15' title="bbox 335 1747 1803 1814; baseline 0.016 -28"><span class='ocrx_word' id='word_1_101' title='bbox 335 1747 464 1787; x_wconf 74' lang='lat' dir='ltr'><strong>rtalis</strong></span> <span class='ocrx_word' id='word_1_102' title='bbox 484 1750 555 1790; x_wconf 80' lang='lat' dir='ltr'><strong>sui</strong></span> <span class='ocrx_word' id='word_1_103' title='bbox 586 1755 785 1793; x_wconf 78' lang='lat' dir='ltr'><strong>muneris</strong></span> <span class='ocrx_word' id='word_1_104' title='bbox 815 1769 1097 1812; x_wconf 78' lang='lat' dir='ltr'><strong>nequaquam</strong></span> <span class='ocrx_word' id='word_1_105' title='bbox 1120 1761 1416 1803; x_wconf 77' lang='lat' dir='ltr'><strong>intermittere</strong></span> <span class='ocrx_word' id='word_1_106' title='bbox 1436 1778 1517 1804; x_wconf 86' lang='lat' dir='ltr'><strong>nec</strong></span> <span class='ocrx_word' id='word_1_107' title='bbox 1538 1766 1696 1814; x_wconf 71' lang='lat' dir='ltr'><strong>voluit,</strong></span> <span class='ocrx_word' id='word_1_108' title='bbox 1722 1783 1803 1811; x_wconf 85' lang='lat' dir='ltr'><strong>nec</strong></span> 
     </span>
     <span class='ocr_line' id='line_1_16' title="bbox 328 1807 1806 1872; baseline 0.016 -28"><span class='ocrx_word' id='word_1_109' title='bbox 328 1807 476 1861; x_wconf 79' lang='lat' dir='ltr'><strong>poluit</strong></span> <span class='ocrx_word' id='word_1_110' title='bbox 488 1837 505 1858; x_wconf 84' lang='lat'><em>,</em></span> <span class='ocrx_word' id='word_1_111' title='bbox 538 1810 646 1866; x_wconf 80' lang='lat' dir='ltr'><strong>quin</strong></span> <span class='ocrx_word' id='word_1_112' title='bbox 669 1826 723 1851; x_wconf 91' lang='lat' dir='ltr'><strong>ea</strong></span> <span class='ocrx_word' id='word_1_113' title='bbox 737 1842 748 1863; x_wconf 90' lang='lat'>‚</span> <span class='ocrx_word' id='word_1_114' title='bbox 770 1827 886 1870; x_wconf 81' lang='lat' dir='ltr'><strong>quae</strong></span> <span class='ocrx_word' id='word_1_115' title='bbox 901 1830 988 1870; x_wconf 79' lang='lat' dir='ltr'><strong>pet·</strong></span> <span class='ocrx_word' id='word_1_116' title='bbox 1004 1817 1270 1872; x_wconf 79' lang='lat' dir='ltr'><strong>praefatum</strong></span> <span class='ocrx_word' id='word_1_117' title='bbox 1295 1819 1535 1863; x_wconf 75' lang='lat' dir='ltr'><strong>Oratorem</strong></span> <span class='ocrx_word' id='word_1_118' title='bbox 1566 1838 1692 1865; x_wconf 78' lang='lat' dir='ltr'><strong>suum</strong></span> <span class='ocrx_word' id='word_1_119' title='bbox 1720 1826 1806 1868; x_wconf 81' lang='lat' dir='ltr'><strong>ad-</strong></span> 
     </span>
     <span class='ocr_line' id='line_1_17' title="bbox 332 1868 1800 1940; baseline 0.016 -35"><span class='ocrx_word' id='word_1_120' title='bbox 332 1879 479 1906; x_wconf 78' lang='lat' dir='ltr'><strong>versas</strong></span> <span class='ocrx_word' id='word_1_121' title='bbox 499 1868 745 1924; x_wconf 82' lang='lat' dir='ltr'><strong>praedicta</strong></span> <span class='ocrx_word' id='word_1_122' title='bbox 763 1883 869 1915; x_wconf 84' lang='lat' dir='ltr'><strong>acca</strong></span> <span class='ocrx_word' id='word_1_123' title='bbox 892 1884 995 1916; x_wconf 70' lang='lat' dir='ltr'><strong>sunt</strong></span> <span class='ocrx_word' id='word_1_124' title='bbox 1009 1906 1021 1928; x_wconf 92' lang='lat'>‚</span> <span class='ocrx_word' id='word_1_125' title='bbox 1039 1876 1109 1919; x_wconf 78' lang='lat' dir='ltr'><strong>lu‘c</strong></span> <span class='ocrx_word' id='word_1_126' title='bbox 1132 1892 1303 1936; x_wconf 82' lang='lat' dir='ltr'><strong>quoque</strong></span> <span class='ocrx_word' id='word_1_127' title='bbox 1326 1890 1431 1921; x_wconf 84' lang='lat' dir='ltr'><strong>rata</strong></span> <span class='ocrx_word' id='word_1_128' title='bbox 1452 1911 1464 1933; x_wconf 86' lang='lat'>,</span> <span class='ocrx_word' id='word_1_129' title='bbox 1496 1892 1538 1924; x_wconf 84' lang='lat' dir='ltr'><strong>ec</strong></span> <span class='ocrx_word' id='word_1_130' title='bbox 1558 1895 1698 1940; x_wconf 75' lang='lat' dir='ltr'><strong>grata</strong></span> <span class='ocrx_word' id='word_1_131' title='bbox 1720 1886 1800 1928; x_wconf 76' lang='lat' dir='ltr'><strong>Iza-</strong></span> 
     </span>
     <span class='ocr_line' id='line_1_18' title="bbox 331 1922 1803 2003; baseline 0.016 -38"><span class='ocrx_word' id='word_1_132' title='bbox 331 1922 480 1979; x_wconf 78' lang='lat' dir='ltr'><strong>beret‚</strong></span> <span class='ocrx_word' id='word_1_133' title='bbox 505 1938 548 1969; x_wconf 79' lang='lat' dir='ltr'><strong>ec</strong></span> <span class='ocrx_word' id='word_1_134' title='bbox 571 1930 753 1986; x_wconf 78' lang='lat' dir='ltr'><strong>insuper</strong></span> <span class='ocrx_word' id='word_1_135' title='bbox 778 1935 1053 1976; x_wconf 73' lang='lat' dir='ltr'><strong>voluntatem</strong></span> <span class='ocrx_word' id='word_1_136' title='bbox 1077 1939 1214 1979; x_wconf 81' lang='lat' dir='ltr'><strong>etiam</strong></span> <span class='ocrx_word' id='word_1_137' title='bbox 1239 1937 1382 1982; x_wconf 77' lang='lat' dir='ltr'><strong>Suam</strong></span> <span class='ocrx_word' id='word_1_138' title='bbox 1408 1940 1681 1986; x_wconf 79' lang='lat' dir='ltr'><strong>Caesaream</strong></span> <span class='ocrx_word' id='word_1_139' title='bbox 1695 1961 1803 2003; x_wconf 77' lang='lat' dir='ltr'><strong>pro·</strong></span> 
     </span>
     <span class='ocr_line' id='line_1_19' title="bbox 331 1986 1806 2059; baseline 0.018 -36"><span class='ocrx_word' id='word_1_140' title='bbox 331 1986 543 2031; x_wconf 76' lang='lat' dir='ltr'><strong>testando</strong></span> <span class='ocrx_word' id='word_1_141' title='bbox 566 1990 754 2033; x_wconf 76' lang='lat' dir='ltr'><strong>ulterius</strong></span> <span class='ocrx_word' id='word_1_142' title='bbox 775 1992 1049 2036; x_wconf 83' lang='lat' dir='ltr'><strong>declararet.</strong></span> <span class='ocrx_word' id='word_1_143' title='bbox 1077 1998 1304 2052; x_wconf 74' lang='lat' dir='ltr'><strong>Quocirca</strong></span> <span class='ocrx_word' id='word_1_144' title='bbox 1334 2001 1429 2054; x_wconf 74' lang='lat' dir='ltr'><strong>ejas</strong></span> <span class='ocrx_word' id='word_1_145' title='bbox 1456 2001 1680 2059; x_wconf 67' lang='lat' dir='ltr'><strong>[klajestas</strong></span> <span class='ocrx_word' id='word_1_146' title='bbox 1702 2021 1806 2050; x_wconf 80' lang='lat' dir='ltr'><strong>cun·</strong></span> 
     </span>
     <span class='ocr_line' id='line_1_20' title="bbox 330 2050 1803 2123; baseline 0.017 -39"><span class='ocrx_word' id='word_1_147' title='bbox 330 2055 406 2085; x_wconf 83' lang='lat' dir='ltr'><strong>cta</strong></span> <span class='ocrx_word' id='word_1_148' title='bbox 429 2061 484 2087; x_wconf 87' lang='lat' dir='ltr'><strong>ea</strong></span> <span class='ocrx_word' id='word_1_149' title='bbox 507 2050 684 2105; x_wconf 80' lang='lat' dir='ltr'><strong>scriptis</strong></span> <span class='ocrx_word' id='word_1_150' title='bbox 703 2053 1024 2109; x_wconf 73' lang='lat' dir='ltr'><strong>comprehendi</strong></span> <span class='ocrx_word' id='word_1_151' title='bbox 1036 2086 1048 2108; x_wconf 83' lang='lat'><strong>,</strong></span> <span class='ocrx_word' id='word_1_152' title='bbox 1067 2051 1182 2114; x_wconf 78' lang='lat' dir='ltr'><strong>qiiae</strong></span> <span class='ocrx_word' id='word_1_153' title='bbox 1200 2068 1243 2100; x_wconf 84' lang='lat' dir='ltr'><strong>et</strong></span> <span class='ocrx_word' id='word_1_154' title='bbox 1262 2060 1354 2101; x_wconf 68' lang='lat' dir='ltr'><strong>Vult</strong></span> <span class='ocrx_word' id='word_1_155' title='bbox 1373 2059 1443 2102; x_wconf 80' lang='lat' dir='ltr'><strong>lu&#39;c</strong></span> <span class='ocrx_word' id='word_1_156' title='bbox 1460 2063 1638 2118; x_wconf 79' lang='lat' dir='ltr'><strong>publice</strong></span> <span class='ocrx_word' id='word_1_157' title='bbox 1664 2080 1803 2123; x_wconf 79' lang='lat' dir='ltr'><strong>prae-</strong></span> 
     </span>
     <span class='ocr_line' id='line_1_21' title="bbox 329 2104 1798 2178; baseline 0.016 -34"><span class='ocrx_word' id='word_1_158' title='bbox 329 2104 418 2160; x_wconf 76' lang='lat' dir='ltr'><strong>legi</strong></span> <span class='ocrx_word' id='word_1_159' title='bbox 434 2136 446 2159; x_wconf 82' lang='lat'><strong>,</strong></span> <span class='ocrx_word' id='word_1_160' title='bbox 476 2109 607 2149; x_wconf 78' lang='lat' dir='ltr'><strong>sicuti</strong></span> <span class='ocrx_word' id='word_1_161' title='bbox 627 2119 670 2150; x_wconf 82' lang='lat' dir='ltr'><strong>et</strong></span> <span class='ocrx_word' id='word_1_162' title='bbox 690 2114 843 2154; x_wconf 79' lang='lat' dir='ltr'><strong>statui!</strong></span> <span class='ocrx_word' id='word_1_163' title='bbox 861 2114 947 2155; x_wconf 82' lang='lat' dir='ltr'><strong>illa</strong></span> <span class='ocrx_word' id='word_1_164' title='bbox 963 2116 1251 2171; x_wconf 74' lang='lat' dir='ltr'><strong>postmodum</strong></span> <span class='ocrx_word' id='word_1_165' title='bbox 1272 2119 1473 2161; x_wconf 78' lang='lat' dir='ltr'><strong>omnibus</strong></span> <span class='ocrx_word' id='word_1_166' title='bbox 1497 2120 1661 2166; x_wconf 76' lang='lat' dir='ltr'><strong>debitis</strong></span> <span class='ocrx_word' id='word_1_167' title='bbox 1675 2156 1688 2178; x_wconf 86' lang='lat'><strong><em>‚</em></strong></span> <span class='ocrx_word' id='word_1_168' title='bbox 1707 2141 1798 2167; x_wconf 86' lang='lat' dir='ltr'><strong>mo·</strong></span> 
     </span>
     <span class='ocr_line' id='line_1_22' title="bbox 328 2162 1799 2236; baseline 0.016 -32"><span class='ocrx_word' id='word_1_169' title='bbox 328 2162 390 2205; x_wconf 88' lang='lat' dir='ltr'><strong>do</strong></span> <span class='ocrx_word' id='word_1_170' title='bbox 407 2197 417 2214; x_wconf 92' lang='lat'><strong>,</strong></span> <span class='ocrx_word' id='word_1_171' title='bbox 456 2176 499 2206; x_wconf 81' lang='lat' dir='ltr'><strong>et</strong></span> <span class='ocrx_word' id='word_1_172' title='bbox 519 2168 683 2221; x_wconf 84' lang='lat' dir='ltr'><strong>forma</strong></span> <span class='ocrx_word' id='word_1_173' title='bbox 701 2170 877 2214; x_wconf 83' lang='lat' dir='ltr'><strong>Romae</strong></span> <span class='ocrx_word' id='word_1_174' title='bbox 894 2189 1065 2232; x_wconf 80' lang='lat' dir='ltr'><strong>quoque</strong></span> <span class='ocrx_word' id='word_1_175' title='bbox 1087 2177 1322 2220; x_wconf 80' lang='lat' dir='ltr'><strong>insinuare</strong></span> <span class='ocrx_word' id='word_1_176' title='bbox 1338 2208 1349 2231; x_wconf 89' lang='lat'><strong><em>‚</em></strong></span> <span class='ocrx_word' id='word_1_177' title='bbox 1373 2189 1416 2221; x_wconf 79' lang='lat' dir='ltr'><strong>ec</strong></span> <span class='ocrx_word' id='word_1_178' title='bbox 1435 2192 1542 2223; x_wconf 85' lang='lat' dir='ltr'><strong>nota</strong></span> <span class='ocrx_word' id='word_1_179' title='bbox 1545 2184 1714 2236; x_wconf 81' lang='lat' dir='ltr'><strong>facere</strong></span> <span class='ocrx_word' id='word_1_180' title='bbox 1734 2201 1799 2228; x_wconf 80' lang='lat' dir='ltr'><strong>ec.</strong></span> 
     </span>
    </p>

    <p class='ocr_par' dir='ltr' id='par_1_5' title="bbox 322 2224 1800 3012">
     <span class='ocr_line' id='line_1_23' title="bbox 391 2224 1800 2289; baseline 0.016 -24"><span class='ocrx_word' id='word_1_181' title='bbox 391 2227 466 2278; x_wconf 85' lang='lat' dir='ltr'><strong>(a)</strong></span> <span class='ocrx_word' id='word_1_182' title='bbox 488 2224 525 2267; x_wconf 89' lang='lat' dir='ltr'>A</span> <span class='ocrx_word' id='word_1_183' title='bbox 543 2243 650 2285; x_wconf 74' lang='lat' dir='ltr'><strong>pag·</strong></span> <span class='ocrx_word' id='word_1_184' title='bbox 683 2247 696 2274; x_wconf 89' lang='lat'>1</span> <span class='ocrx_word' id='word_1_185' title='bbox 713 2234 796 2287; x_wconf 86' lang='lat'><strong>176</strong></span> <span class='ocrx_word' id='word_1_186' title='bbox 819 2232 930 2289; x_wconf 86' lang='lat' dir='ltr'><strong>degli</strong></span> <span class='ocrx_word' id='word_1_187' title='bbox 953 2233 1141 2279; x_wconf 82' lang='lat' dir='ltr'><strong>Annali</strong></span> <span class='ocrx_word' id='word_1_188' title='bbox 1153 2238 1276 2280; x_wconf 83' lang='lat' dir='ltr'><strong>Fior.</strong></span> <span class='ocrx_word' id='word_1_189' title='bbox 1295 2237 1555 2283; x_wconf 85' lang='lat' dir='ltr'><strong>d’Anonimo</strong></span> <span class='ocrx_word' id='word_1_190' title='bbox 1576 2259 1667 2287; x_wconf 92' lang='lat' dir='ltr'><strong>mss.</strong></span> <span class='ocrx_word' id='word_1_191' title='bbox 1690 2242 1800 2287; x_wconf 81' lang='lat' dir='ltr'><strong>nella</strong></span> 
     </span>
     <span class='ocr_line' id='line_1_24' title="bbox 327 2281 1799 2361; baseline 0.015 -38"><span class='ocrx_word' id='word_1_192' title='bbox 327 2281 613 2339; x_wconf 82' lang='lat' dir='ltr'><strong>Magliabech.</strong></span> <span class='ocrx_word' id='word_1_193' title='bbox 631 2286 709 2331; x_wconf 83' lang='lat' dir='ltr'><strong>alla</strong></span> <span class='ocrx_word' id='word_1_194' title='bbox 732 2291 853 2335; x_wconf 81' lang='lat' dir='ltr'><strong>Clas.</strong></span> <span class='ocrx_word' id='word_1_195' title='bbox 876 2295 943 2339; x_wconf 79' lang='lat'><strong>25.</strong></span> <span class='ocrx_word' id='word_1_196' title='bbox 966 2310 1086 2338; x_wconf 77' lang='lat' dir='ltr'><strong>mim.</strong></span> <span class='ocrx_word' id='word_1_197' title='bbox 1108 2293 1208 2341; x_wconf 83' lang='lat'>356.</span> <span class='ocrx_word' id='word_1_198' title='bbox 1227 2296 1353 2340; x_wconf 85' lang='lat' dir='ltr'><strong>dicesi</strong></span> <span class='ocrx_word' id='word_1_199' title='bbox 1373 2299 1472 2347; x_wconf 87' lang='lat' dir='ltr'><strong>‚che</strong></span> <span class='ocrx_word' id='word_1_200' title='bbox 1495 2302 1671 2346; x_wconf 87' lang='lat' dir='ltr'><strong>Cosimo</strong></span> <span class='ocrx_word' id='word_1_201' title='bbox 1686 2319 1799 2361; x_wconf 73' lang='lat' dir='ltr'><strong>pac·-</strong></span> 
     </span>
     <span class='ocr_line' id='line_1_25' title="bbox 327 2345 1797 2418; baseline 0.016 -35"><span class='ocrx_word' id='word_1_202' title='bbox 327 2345 361 2385; x_wconf 82' lang='grc' dir='ltr'><strong>τὶ</strong></span> <span class='ocrx_word' id='word_1_203' title='bbox 386 2345 438 2386; x_wconf 85' lang='lat' dir='ltr'><strong>di</strong></span> <span class='ocrx_word' id='word_1_204' title='bbox 458 2346 609 2389; x_wconf 80' lang='lat' dir='ltr'><strong>Roma</strong></span> <span class='ocrx_word' id='word_1_205' title='bbox 634 2350 875 2395; x_wconf 83' lang='lat' dir='ltr'><strong>lasciando</strong></span> <span class='ocrx_word' id='word_1_206' title='bbox 893 2368 977 2411; x_wconf 84' lang='lat' dir='ltr'><strong>per</strong></span> <span class='ocrx_word' id='word_1_207' title='bbox 994 2356 1041 2398; x_wconf 85' lang='lat' dir='ltr'><strong>la</strong></span> <span class='ocrx_word' id='word_1_208' title='bbox 1060 2359 1134 2399; x_wconf 73' lang='lat' dir='ltr'><strong>via</strong></span> <span class='ocrx_word' id='word_1_209' title='bbox 1170 2359 1306 2401; x_wconf 71' lang='lat' dir='ltr'><strong>molle</strong></span> <span class='ocrx_word' id='word_1_210' title='bbox 1340 2360 1546 2404; x_wconf 79' lang='lat' dir='ltr'><strong>limosine</strong></span> <span class='ocrx_word' id='word_1_211' title='bbox 1563 2395 1573 2411; x_wconf 90' lang='lat'>,</span> <span class='ocrx_word' id='word_1_212' title='bbox 1607 2364 1686 2406; x_wconf 82' lang='lat' dir='ltr'><strong>clze</strong></span> <span class='ocrx_word' id='word_1_213' title='bbox 1703 2365 1797 2418; x_wconf 78' lang='lat' dir='ltr'><strong>fra</strong></span> 
     </span>
     <span class='ocr_line' id='line_1_26' title="bbox 326 2404 1797 2475; baseline 0.016 -32"><span class='ocrx_word' id='word_1_214' title='bbox 326 2404 542 2448; x_wconf 82' lang='lat' dir='ltr'><strong>l’andata</strong></span> <span class='ocrx_word' id='word_1_215' title='bbox 561 2440 573 2461; x_wconf 81' lang='lat'>‚</span> <span class='ocrx_word' id='word_1_216' title='bbox 610 2425 633 2450; x_wconf 90' lang='lat' dir='ltr'><strong>e</strong></span> <span class='ocrx_word' id='word_1_217' title='bbox 669 2412 706 2451; x_wconf 86' lang='lat' dir='ltr'><strong>il</strong></span> <span class='ocrx_word' id='word_1_218' title='bbox 737 2414 908 2456; x_wconf 75' lang='lat' dir='ltr'><strong>ritorno</strong></span> <span class='ocrx_word' id='word_1_219' title='bbox 948 2419 1218 2460; x_wconf 75' lang='lat' dir='ltr'><strong>arrivarono</strong></span> <span class='ocrx_word' id='word_1_220' title='bbox 1252 2430 1282 2461; x_wconf 84' lang='lat' dir='ltr'><strong>a</strong></span> <span class='ocrx_word' id='word_1_221' title='bbox 1306 2417 1453 2462; x_wconf 76' lang='lat' dir='ltr'><strong>Scudi</strong></span> <span class='ocrx_word' id='word_1_222' title='bbox 1485 2420 1610 2475; x_wconf 73' lang='grc'><strong>4000.</strong></span> <span class='ocrx_word' id='word_1_223' title='bbox 1644 2424 1693 2464; x_wconf 90' lang='lat' dir='ltr'><strong>In</strong></span> <span class='ocrx_word' id='word_1_224' title='bbox 1728 2439 1797 2466; x_wconf 86' lang='lat' dir='ltr'><strong>oc-</strong></span> 
     </span>
     <span class='ocr_line' id='line_1_27' title="bbox 325 2464 1796 2538; baseline 0.016 -35"><span class='ocrx_word' id='word_1_225' title='bbox 325 2464 489 2508; x_wconf 84' lang='lat' dir='ltr'><strong>casione</strong></span> <span class='ocrx_word' id='word_1_226' title='bbox 520 2466 629 2509; x_wconf 87' lang='lat' dir='ltr'><strong>della</strong></span> <span class='ocrx_word' id='word_1_227' title='bbox 652 2469 867 2514; x_wconf 68' lang='lat' dir='ltr'><strong>Solennita</strong></span> <span class='ocrx_word' id='word_1_228' title='bbox 900 2474 943 2516; x_wconf 90' lang='lat' dir='ltr'><strong>di</strong></span> <span class='ocrx_word' id='word_1_229' title='bbox 970 2476 1131 2534; x_wconf 83' lang='lat' dir='ltr'><strong>Pasqua</strong></span> <span class='ocrx_word' id='word_1_230' title='bbox 1166 2477 1209 2519; x_wconf 92' lang='lat' dir='ltr'><strong>di</strong></span> <span class='ocrx_word' id='word_1_231' title='bbox 1243 2479 1551 2524; x_wconf 88' lang='lat' dir='ltr'><strong>Resurrezione</strong></span> <span class='ocrx_word' id='word_1_232' title='bbox 1574 2480 1796 2538; x_wconf 76' lang='lat' dir='ltr'><strong>l&#39;Augusto</strong></span> 
     </span>
     <span class='ocr_line' id='line_1_28' title="bbox 324 2522 1794 2595; baseline 0.015 -32"><span class='ocrx_word' id='word_1_233' title='bbox 324 2522 579 2581; x_wconf 86' lang='lat' dir='ltr'><strong>Imperatore</strong></span> <span class='ocrx_word' id='word_1_234' title='bbox 603 2528 674 2571; x_wconf 73' lang='lat' dir='ltr'><strong>d‘A</strong></span> <span class='ocrx_word' id='word_1_235' title='bbox 685 2533 810 2573; x_wconf 88' lang='lat' dir='ltr'><strong>ustria</strong></span> <span class='ocrx_word' id='word_1_236' title='bbox 833 2533 1061 2578; x_wconf 83' lang='lat' dir='ltr'><strong>Fsancesco</strong></span> <span class='ocrx_word' id='word_1_237' title='bbox 1083 2538 1115 2578; x_wconf 93' lang='grc' dir='ltr'><strong>Ι.</strong></span> <span class='ocrx_word' id='word_1_238' title='bbox 1139 2535 1229 2581; x_wconf 89' lang='lat' dir='ltr'><strong>fece</strong></span> <span class='ocrx_word' id='word_1_239' title='bbox 1249 2554 1324 2595; x_wconf 88' lang='lat' dir='ltr'><strong>per</strong></span> <span class='ocrx_word' id='word_1_240' title='bbox 1343 2556 1492 2584; x_wconf 87' lang='lat' dir='ltr'><strong>mezzo</strong></span> <span class='ocrx_word' id='word_1_241' title='bbox 1515 2542 1557 2584; x_wconf 91' lang='lat' dir='ltr'><strong>di</strong></span> <span class='ocrx_word' id='word_1_242' title='bbox 1583 2543 1718 2585; x_wconf 89' lang='lat' dir='ltr'><strong>Mons.</strong></span> <span class='ocrx_word' id='word_1_243' title='bbox 1740 2544 1794 2585; x_wconf 87' lang='lat' dir='ltr'><strong>E-</strong></span> 
     </span>
     <span class='ocr_line' id='line_1_29' title="bbox 324 2580 1794 2657; baseline 0.016 -35"><span class='ocrx_word' id='word_1_244' title='bbox 324 2580 590 2631; x_wconf 85' lang='lat' dir='ltr'><strong>lemosiniere</strong></span> <span class='ocrx_word' id='word_1_245' title='bbox 611 2589 836 2634; x_wconf 85' lang='lat' dir='ltr'><strong>Pontificio</strong></span> <span class='ocrx_word' id='word_1_246' title='bbox 860 2594 1097 2652; x_wconf 82' lang='lat' dir='ltr'><strong>dispensare</strong></span> <span class='ocrx_word' id='word_1_247' title='bbox 1117 2613 1138 2638; x_wconf 88' lang='lat' dir='ltr'><strong>a</strong></span> <span class='ocrx_word' id='word_1_248' title='bbox 1158 2602 1234 2654; x_wconf 76' lang='lat' dir='ltr'><strong>pro</strong></span> <span class='ocrx_word' id='word_1_249' title='bbox 1254 2597 1569 2657; x_wconf 73' lang='lat' dir='ltr'><strong>degl²indigenti</strong></span> <span class='ocrx_word' id='word_1_250' title='bbox 1590 2603 1794 2646; x_wconf 84' lang='lat' dir='ltr'><strong>due-mila</strong></span> 
     </span>
     <span class='ocr_line' id='line_1_30' title="bbox 322 2641 1793 2709; baseline 0.016 -26"><span class='ocrx_word' id='word_1_251' title='bbox 322 2641 479 2699; x_wconf 85' lang='lat' dir='ltr'><strong>Luigi‚</strong></span> <span class='ocrx_word' id='word_1_252' title='bbox 514 2647 595 2691; x_wconf 89' lang='lat' dir='ltr'><strong>che</strong></span> <span class='ocrx_word' id='word_1_253' title='bbox 630 2652 913 2709; x_wconf 86' lang='lat' dir='ltr'><strong>equivalgono</strong></span> <span class='ocrx_word' id='word_1_254' title='bbox 950 2655 1028 2698; x_wconf 83' lang='lat' dir='ltr'><strong>alla</strong></span> <span class='ocrx_word' id='word_1_255' title='bbox 1060 2657 1234 2701; x_wconf 87' lang='lat' dir='ltr'><strong>Somma</strong></span> <span class='ocrx_word' id='word_1_256' title='bbox 1255 2659 1300 2701; x_wconf 90' lang='lat' dir='ltr'><strong>di</strong></span> <span class='ocrx_word' id='word_1_257' title='bbox 1325 2660 1430 2702; x_wconf 78' lang='lat' dir='ltr'><strong>circa</strong></span> <span class='ocrx_word' id='word_1_258' title='bbox 1454 2661 1583 2705; x_wconf 86' lang='lat' dir='ltr'><strong>Scudi</strong></span> <span class='ocrx_word' id='word_1_259' title='bbox 1610 2665 1793 2706; x_wconf 75' lang='lat' dir='ltr'><strong>Romani</strong></span> 
     </span>
     <span class='ocr_line' id='line_1_31' title="bbox 323 2705 1793 2779; baseline 0.013 -33"><span class='ocrx_word' id='word_1_260' title='bbox 323 2705 448 2748; x_wconf 88' lang='lat'><strong>8000.</strong></span> <span class='ocrx_word' id='word_1_261' title='bbox 467 2707 525 2747; x_wconf 82' lang='lat' dir='ltr'><strong>La</strong></span> <span class='ocrx_word' id='word_1_262' title='bbox 547 2714 775 2764; x_wconf 67' lang='lat' dir='ltr'><strong>generosita</strong></span> <span class='ocrx_word' id='word_1_263' title='bbox 800 2714 842 2756; x_wconf 92' lang='lat' dir='ltr'><strong>di</strong></span> <span class='ocrx_word' id='word_1_264' title='bbox 863 2720 897 2757; x_wconf 76' lang='lat' dir='ltr'><strong>sl</strong></span> <span class='ocrx_word' id='word_1_265' title='bbox 920 2716 1119 2771; x_wconf 86' lang='lat' dir='ltr'><strong>Augusto</strong></span> <span class='ocrx_word' id='word_1_266' title='bbox 1143 2720 1339 2762; x_wconf 80' lang='lat' dir='ltr'><strong>Monarca</strong></span> <span class='ocrx_word' id='word_1_267' title='bbox 1356 2753 1365 2771; x_wconf 89' lang='lat'><em>,</em></span> <span class='ocrx_word' id='word_1_268' title='bbox 1387 2719 1425 2762; x_wconf 85' lang='lat' dir='ltr'><strong>la</strong></span> <span class='ocrx_word' id='word_1_269' title='bbox 1450 2723 1547 2765; x_wconf 86' lang='lat' dir='ltr'><strong>soda</strong></span> <span class='ocrx_word' id='word_1_270' title='bbox 1582 2723 1695 2779; x_wconf 67' lang='lat' dir='ltr'><strong>pieta</strong></span> <span class='ocrx_word' id='word_1_271' title='bbox 1729 2725 1793 2766; x_wconf 88' lang='lat' dir='ltr'><strong>di-</strong></span> 
     </span>
     <span class='ocr_line' id='line_1_32' title="bbox 324 2768 1791 2834; baseline 0.016 -32"><span class='ocrx_word' id='word_1_272' title='bbox 324 2775 521 2808; x_wconf 85' lang='lat' dir='ltr'><strong>mostrata</strong></span> <span class='ocrx_word' id='word_1_273' title='bbox 544 2768 658 2823; x_wconf 71' lang='lat' dir='ltr'><strong>cola,</strong></span> <span class='ocrx_word' id='word_1_274' title='bbox 679 2773 981 2829; x_wconf 85' lang='lat' dir='ltr'><strong>specialmente</strong></span> <span class='ocrx_word' id='word_1_275' title='bbox 1003 2777 1045 2818; x_wconf 90' lang='lat' dir='ltr'><strong>in</strong></span> <span class='ocrx_word' id='word_1_276' title='bbox 1068 2782 1100 2820; x_wconf 76' lang='lat' dir='ltr'><strong>si</strong></span> <span class='ocrx_word' id='word_1_277' title='bbox 1122 2780 1227 2821; x_wconf 83' lang='lat' dir='ltr'><strong>santi</strong></span> <span class='ocrx_word' id='word_1_278' title='bbox 1250 2780 1411 2834; x_wconf 87' lang='lat' dir='ltr'><strong>giomi,</strong></span> <span class='ocrx_word' id='word_1_279' title='bbox 1435 2799 1457 2824; x_wconf 90' lang='lat' dir='ltr'><strong>e</strong></span> <span class='ocrx_word' id='word_1_280' title='bbox 1480 2780 1516 2823; x_wconf 84' lang='lat' dir='ltr'><strong>la</strong></span> <span class='ocrx_word' id='word_1_281' title='bbox 1540 2785 1694 2825; x_wconf 84' lang='lat' dir='ltr'><strong>sincera</strong></span> <span class='ocrx_word' id='word_1_282' title='bbox 1719 2784 1791 2824; x_wconf 79' lang='lat' dir='ltr'><strong>sti·</strong></span> 
     </span>
     <span class='ocr_line' id='line_1_33' title="bbox 323 2825 1789 2898; baseline 0.015 -36"><span class='ocrx_word' id='word_1_283' title='bbox 323 2835 413 2873; x_wconf 82' lang='lat' dir='ltr'><strong>ma,</strong></span> <span class='ocrx_word' id='word_1_284' title='bbox 433 2825 629 2882; x_wconf 86' lang='lat' dir='ltr'><strong>rispetto‚</strong></span> <span class='ocrx_word' id='word_1_285' title='bbox 655 2848 677 2873; x_wconf 90' lang='lat' dir='ltr'><strong>e</strong></span> <span class='ocrx_word' id='word_1_286' title='bbox 702 2836 976 2878; x_wconf 86' lang='lat' dir='ltr'><strong>venerazione</strong></span> <span class='ocrx_word' id='word_1_287' title='bbox 992 2869 1004 2888; x_wconf 84' lang='lat'><strong>‚</strong></span> <span class='ocrx_word' id='word_1_288' title='bbox 1025 2837 1104 2881; x_wconf 89' lang='lat' dir='ltr'><strong>che</strong></span> <span class='ocrx_word' id='word_1_289' title='bbox 1128 2837 1211 2895; x_wconf 82' lang='lat' dir='ltr'><strong>egli</strong></span> <span class='ocrx_word' id='word_1_290' title='bbox 1236 2841 1438 2884; x_wconf 78' lang='lat' dir='ltr'><strong>dimostro</strong></span> <span class='ocrx_word' id='word_1_291' title='bbox 1468 2840 1507 2883; x_wconf 85' lang='lat' dir='ltr'><strong>al</strong></span> <span class='ocrx_word' id='word_1_292' title='bbox 1541 2844 1657 2898; x_wconf 89' lang='lat' dir='ltr'><strong>Capo</strong></span> <span class='ocrx_word' id='word_1_293' title='bbox 1681 2842 1789 2885; x_wconf 87' lang='lat' dir='ltr'><strong>della</strong></span> 
     </span>
     <span class='ocr_line' id='line_1_34' title="bbox 323 2879 1790 2955; baseline 0.018 -35"><span class='ocrx_word' id='word_1_294' title='bbox 323 2879 490 2936; x_wconf 67' lang='lat' dir='ltr'><strong>Clfiesa,</strong></span> <span class='ocrx_word' id='word_1_295' title='bbox 510 2885 577 2939; x_wconf 86' lang='lat' dir='ltr'><strong>fu,</strong></span> <span class='ocrx_word' id='word_1_296' title='bbox 601 2905 622 2930; x_wconf 90' lang='lat' dir='ltr'><strong>e</strong></span> <span class='ocrx_word' id='word_1_297' title='bbox 643 2896 727 2933; x_wconf 67' lang='lat' dir='ltr'><strong>sara</strong></span> <span class='ocrx_word' id='word_1_298' title='bbox 748 2892 789 2934; x_wconf 86' lang='lat' dir='ltr'><strong>di</strong></span> <span class='ocrx_word' id='word_1_299' title='bbox 812 2896 963 2948; x_wconf 82' lang='lat' dir='ltr'><strong>grande</strong></span> <span class='ocrx_word' id='word_1_300' title='bbox 979 2899 1166 2953; x_wconf 86' lang='lat' dir='ltr'><strong>esempio</strong></span> <span class='ocrx_word' id='word_1_301' title='bbox 1190 2915 1264 2955; x_wconf 87' lang='lat' dir='ltr'><strong>per</strong></span> <span class='ocrx_word' id='word_1_302' title='bbox 1286 2900 1297 2939; x_wconf 88' lang='lat' dir='ltr'><strong>i</strong></span> <span class='ocrx_word' id='word_1_303' title='bbox 1323 2899 1542 2952; x_wconf 82' lang='lat' dir='ltr'><strong>Cattolici,</strong></span> <span class='ocrx_word' id='word_1_304' title='bbox 1565 2918 1587 2946; x_wconf 90' lang='lat' dir='ltr'><strong>e</strong></span> <span class='ocrx_word' id='word_1_305' title='bbox 1610 2900 1790 2946; x_wconf 53' lang='lat' dir='ltr'><strong>formeri&amp;</strong></span> 
     </span>
     <span class='ocr_line' id='line_1_35' title="bbox 324 2940 1398 3012; baseline 0.02 -31"><span class='ocrx_word' id='word_1_306' title='bbox 324 2941 388 2982; x_wconf 88' lang='lat' dir='ltr'><strong>nei</strong></span> <span class='ocrx_word' id='word_1_307' title='bbox 409 2940 500 2986; x_wconf 78' lang='lat' dir='ltr'><strong>fasti</strong></span> <span class='ocrx_word' id='word_1_308' title='bbox 518 2946 628 2991; x_wconf 79' lang='lat' dir='ltr'><strong>della</strong></span> <span class='ocrx_word' id='word_1_309' title='bbox 649 2951 798 2995; x_wconf 66' lang='lat' dir='ltr'><strong>Lhiesa</strong></span> <span class='ocrx_word' id='word_1_310' title='bbox 824 2958 891 2996; x_wconf 87' lang='lat' dir='ltr'><strong>un’</strong></span> <span class='ocrx_word' id='word_1_311' title='bbox 909 2970 1038 3012; x_wconf 81' lang='lat' dir='ltr'><strong>epoea</strong></span> <span class='ocrx_word' id='word_1_312' title='bbox 1061 2955 1398 3003; x_wconf 74' lang='lat' dir='ltr'><strong>luminosissima.</strong></span> 
     </span>
    </p>
   </div>
  </div>
 </body>
</html>
