2441 3841
327 588 550 645 Joannes
594 583 850 640 Antonius
887 581 1223 642 Sorbellonus
1253 582 1360 640 Tit.
1391 584 1440 639 S.
1470 580 1664 640 Mariae
1691 580 1798 637 An-¹

405 661 638 734 gelorum
669 660 734 714 ad
763 659 1016 716 Thermas

328 735 586 816 Antonius
614 735 994 791 Granvellanus
1023 734 1129 789 Tit.
1169 736 1219 789 S.
1249 733 1542 789 Anastasiae

328 813 608 868 Stanislaus
635 813 827 866 Hosius
853 811 1083 866 Polonus
1112 811 1217 865 Tit.
1249 812 1298 864 S.
1327 811 1529 865 Priscae

325 889 370 943 F
373 891 628 942 ranciscus
655 890 911 941 Paceceus
939 888 1044 939 Tit.
1074 888 1123 939 S.
1155 885 1340 937 Crucis
1368 886 1423 937 in
1459 883 1786 949 Hierusalem

326 966 535 1018 Marcus
564 962 822 1015 Antonius
851 960 1095 1014 Amulius
1125 962 1231 1014 Tit.
1254 963 1303 1014 S.
1324 960 1560 1014 Marcelli

326 1040 684 1109 Hieronymus
703 1035 1001 1090 Austriacus
1021 1037 1188 1091 Tit.S.
1209 1037 1424 1089 Martini
1441 1037 1497 1090 in
1517 1035 1790 1090 Montibus

327 1116 555 1168 Joannes
570 1113 872 1165 franciscus
893 1111 1153 1167 Gambara
1167 1113 1272 1167 Tit.
1295 1114 1346 1167 S.
1366 1111 1724 1167 pudentianae

331 1188 581 1247 Nicolaus
611 1189 874 1243 Gaetanus
902 1190 1007 1244 Tit.
1038 1191 1087 1243 S.
1117 1187 1392 1243 Eustachii

334 1264 550 1319 Indicus
578 1263 766 1319 Avalos
802 1263 869 1318 de
907 1263 1158 1337 Aragonia
1193 1265 1298 1320 Tit.
1345 1268 1394 1321 S.
1441 1263 1713 1321 Laurentii
1753 1264 1810 1317 in

410 1342 616 1395 Lucina

335 1418 544 1472 Marcus
558 1415 815 1470 Antonius
835 1415 1096 1471 Columna
1117 1417 1224 1474 Tit.
1246 1419 1334 1474 SS.
1356 1417 1657 1473 Duodecim
1673 1414 1812 1490 Apo-

411 1491 666 1555 stolorum

336 1571 559 1640 Prosper
587 1569 993 1623 Sanctae-crucis
1024 1569 1127 1625 Tit.
1174 1573 1224 1626 S.
1272 1569 1588 1643 Hieronymi
1630 1570 1686 1624 in
1729 1570 1812 1626 via

414 1644 666 1696 flaminia

340 1718 606 1773 Zacharias
649 1718 944 1792 Delphinus
982 1719 1218 1774 Venetus
1261 1721 1367 1775 Tit.
1413 1723 1463 1776 S.
1512 1722 1706 1776 Mariae
1760 1722 1815 1774 in

419 1793 624 1869 Aquiro

341 1871 564 1926 Joannes
602 1871 646 1923 F
649 1871 907 1926 rancis-cus
945 1870 1381 1927 Commendonus
1416 1872 1522 1929 Tit.
1553 1873 1602 1928 S.
1633 1872 1818 1944 Cyria-

418 1947 465 2000 ci
494 1947 548 1999 in
578 1946 820 2002 Thermis

344 2022 554 2077 Marcus
609 2021 869 2077 Antonius
919 2023 1099 2079 Bobba
1136 2022 1422 2079 Casalensis
1468 2025 1574 2080 Tit.
1623 2027 1674 2080 S.
1721 2023 1820 2081 Sil-

421 2113 579 2151 vestri

343 2172 502 2244 Hugo
528 2174 962 2247 Boncompagnus
991 2176 1097 2231 Tit.
1128 2177 1179 2231 S.
1210 2174 1352 2230 Sixti.

346 2248 556 2302 flavius
591 2250 814 2304 Vrsinus
843 2253 948 2306 Tit.
967 2254 1066 2307 SS.
1107 2251 1282 2321 Petri,
1322 2266 1372 2304 et
1407 2250 1726 2308 Marcellini.

327 2323 641 2380 Alexander
691 2327 973 2382 Cribellius
1018 2329 1124 2384 Tit.
1170 2330 1222 2385 S.
1268 2327 1481 2385 Joannis
1533 2346 1648 2387 ante
1697 2331 1823 2386 Por-

427 2417 530 2455 tam
560 2402 823 2458 Latinam.

350 2475 537 2531 Guido
573 2478 842 2533 Ferrerius
872 2480 1216 2537 Vercellensis
1261 2483 1368 2539 Tit.
1415 2483 1466 2538 S.
1511 2480 1725 2556 Agnetis
1768 2482 1824 2535 in

432 2551 611 2625 Agone

351 2629 664 2683 Benedictus
694 2630 1021 2687 Lornellinus
1050 2636 1153 2692 Tit.
1184 2640 1232 2692 S.
1265 2637 1482 2693 Sabinae

355 2704 655 2834 Gullielmus
693 2706 910 2762 Sirletus
940 2713 1042 2767 Tit.
1073 2716 1123 2768 S.
1162 2716 1434 2769 Laurentii
1471 2713 1527 2766 in
1561 2711 1733 2783 Pane,
1773 2727 1826 2765 et

474 2800 594 2833 erna

357 2856 533 2913 Frater
559 2856 780 2911 Michael
811 2860 1057 2917 Bonellus
1093 2863 1476 2925 Alexandrinus
1505 2867 1609 2922 Tit.
1638 2867 1686 2919 S.
1716 2863 1826 2918 Ma-
1911 2856 1913 2858 ³

434 2931 536 2984 riae
565 2934 734 3007 Super
762 2935 1054 2994 Minervam
