2441 3841
1636 490 1735 532 va

330 570 589 637 trariae
621 567 998 635 censendas
1034 565 1627 660 vi'deretar:qnod
1653 563 1807 659 qai-

332 667 489 732 dem
521 664 605 731 ab
638 666 735 731 eis
757 714 770 729 .
801 714 817 730 .
847 715 863 730 .
894 715 907 730 .
939 665 1375 758 aliquatenus
1410 662 1806 753 discrepare

331 787 492 827 cam
542 761 964 827 Auctoritate
1013 758 1415 850 Apostolica
1463 754 1805 821 secandas

331 856 681 921 habendas
713 855 797 919 sit
814 884 836 940 ‚-
887 867 952 918 et
998 853 1094 918 ita
1144 852 1432 915 demam
1483 875 1576 915 ea·
1624 850 1807 915 dicta

329 954 675 1018 Caesarea
711 947 1154 1013 concessione
1188 945 1464 1011 titulum
1492 944 1808 1036 praedic-

330 1059 474 1110 tam
506 1043 804 1136 adipisci
831 1041 1250 1108 constitnerit
1270 1093 1285 1123 a
1320 1054 1393 1106 nt
1424 1064 1550 1105 nec
1586 1039 1657 1103 in
1689 1038 1809 1121 mi-

327 1140 510 1204 nime
536 1139 762 1232 priori
789 1137 1211 1204 concessioni
1238 1133 1527 1228 officiat,
1554 1148 1674 1200 aut
1692 1133 1808 1199 de-

328 1250 552 1328 roget,
586 1240 871 1328 ejusque
903 1232 1227 1326 effectam
1266 1231 1536 1315 laedat,
1575 1229 1700 1295 sed
1736 1229 1808 1294 in

328 1332 474 1422 ejas
507 1344 956 1421 angmentum
989 1329 1191 1395 cedat
1208 1359 1230 1413 ‚-
1264 1327 1417 1393 ideo
1454 1325 1645 1392 omni
1673 1349 1807 1389 me-

328 1425 489 1489 liori
517 1424 720 1489 modo
742 1476 759 1507 ,
791 1450 926 1516 qao
961 1424 1039 1489 id
1035 1424 1223 1515 sieri
1247 1422 1547 1514 potnerit
1566 1434 1669 1502 ,et
1688 1420 1805 1485 de-

329 1518 585 1601 buerit,
623 1534 687 1585 et
710 1519 963 1612 possit,
994 1533 1058 1584 et
1075 1518 1340 1599 debeat,
1379 1518 1807 1584 Caesaream

327 1615 832 1679 concessionem
865 1614 1371 1705 acceptaverit,
1400 1627 1464 1677 et
1499 1624 1808 1702 accepta·-

331 1733 404 1773 re
438 1709 781 1788 intendat,
815 1733 1036 1799 eaque
1071 1709 1206 1789 itti,
1239 1722 1303 1771 et
1332 1707 1545 1797 potiri
1575 1706 1802 1769 decre-

332 1804 535 1886 verit,
568 1818 633 1868 et
663 1803 1025 1867 decernat:
1064 1801 1163 1867 ad
1193 1803 1531 1894 majorem
1577 1814 1807 1864 tamen

329 1900 573 1964 mentis
605 1923 772 1964 snae
807 1897 1384 1977 declarationem,
1418 1909 1482 1962 et
1500 1895 1810 1963 volunta-

329 1995 410 2059 tis
432 2047 447 2077 ,
499 1995 854 2088 animique
904 1994 1016 2058 sni
1062 1991 1526 2059 testimoniam
1546 2044 1564 2072 ‚
1619 1989 1808 2056 vobis

331 2093 489 2156 DD.
522 2089 792 2155 testibus
814 2142 831 2170 ,
865 2103 929 2153 et
960 2088 1062 2154 ati
1086 2087 1323 2181 probis
1366 2086 1564 2167 viriS‚
1601 2100 1665 2150 et
1700 2088 1811 2150 1ιο-

331 2187 534 2251 nestis
561 2185 873 2277 personis
886 2237 906 2267 7.
935 2199 1000 2272 et
1030 2185 1203 2249 mihi
1222 2185 1303 2252 N
1296 2181 1515 2247 otario
1551 2195 1808 2273 rogato,

332 2280 432 2346 ad
452 2296 863 2375 perpetuam
900 2279 1003 2345 rei
1043 2294 1312 2374 gestae,
1357 2291 1422 2343 et
1463 2276 1809 2371 gerendae

334 2377 777 2460 memoriam,
811 2376 909 2441 ad
929 2375 1369 2469 praedictam
1390 2424 1407 2457 ⁷
1439 2387 1504 2438 et
1533 2395 1807 2437 omnem

334 2473 554 2537 aliam
587 2474 654 2537 ei
670 2473 888 2567 magis
915 2468 1597 2565 prcfficnamjinem,
1630 2481 1693 2533 et
1720 2466 1810 2556 «f

306 2569 585 2656 sectam
619 2569 802 2634 dixit
820 2621 839 2647 ⁷
867 2582 933 2633 et
950 2566 1336 2633 declaravit
1356 2618 1372 2649 ,
1392 2578 1456 2630 et
1485 2577 1811 2658 protesta-

335 2677 441 2728 tus
476 2679 575 2731 est
621 2690 691 2729 se
742 2664 1000 2729 dictum
1049 2666 1477 2732 Caesareum
1524 2658 1818 2727 Privile-

332 2758 525 2850 giam
546 2814 563 2842 ,
595 2765 959 2854 omniaque
982 2813 1004 2842 ,
1033 2775 1097 2826 et
1127 2758 1400 2852 singula
1432 2757 1504 2822 in
1536 2781 1614 2820 eo
1647 2780 1806 2819 con-

339 2866 515 2921 tenta
537 2907 552 2938 ,
584 2857 652 2920 in
691 2871 1132 2949 angmentum
1153 2908 1174 2937 ⁷
1204 2869 1269 2919 et
1314 2848 1806 2917 corroboratio—

339 2971 532 3027 nem,
591 2975 716 3013 con
750 2952 1321 3040 irmationemqae
1371 2942 1804 3034 Apostolicae

338 3044 786 3110 concessionis
808 3095 824 3127 ,
856 3059 919 3109 et
950 3045 1021 3109 in
1054 3068 1136 3109 ea
1170 3063 1659 3133 eoepressorum
1690 3061 1806 3104 ac-

1478 3151 1503 3185 Β
