2441 3841
690 467 762 520 30
829 483 836 488 '

609 562 682 611 sti
694 559 912 627 floreat‚
943 572 1001 614 ut
1029 562 1124 637 qui
1150 561 1247 614 tibi
1265 563 1461 615 tribuit
1480 563 1541 615 ἰη
1561 566 1725 619 terris
1744 565 2076 636 dominium,

608 638 722 707 ipse
751 639 810 689 in
839 637 1019 691 Coells
1047 638 1301 706 conferat
1328 641 1646 710 praemium
1667 681 1681 710 ‚
1709 645 1804 715 qui
1830 645 1985 711 vivit,
2025 656 2079 696 et

606 725 811 786 regnat
841 716 902 768 in
928 715 1152 769 saecula
1181 715 1546 769 saeculorum.

684 864 896 936 Quibus
916 863 1059 920 factis
1087 863 1410 941 (a.)'Magnus
1428 867 1570 937 Dux,
1590 865 1831 922 osculatis
1851 867 2076 942 pedibus

667 1017 741 1070 (a)
771 1017 850 1059 Per
879 1022 912 1061 si
944 1016 1081 1061 fausto
1115 1019 1414 1062 avvenimento
1446 1030 1558 1062 tutta
1589 1020 1728 1062 Roma
1759 1021 1792 1061 si
1823 1017 2017 1075 rallegro‚
2052 1038 2076 1068 e

605 1076 649 1118 di
681 1078 747 1121 οἰὸ
780 1094 831 1119 ne
865 1078 904 1120 fa
937 1078 1060 1135 piena
1083 1079 1405 1123 testimonianza
1437 1079 1468 1121 il
1498 1091 1699 1136 seguente
1716 1080 1989 1136 Epigramma
2013 1092 2074 1123 at·

605 1136 783 1183 tribuito
807 1153 828 1179 a
854 1140 1180 1183 Marc’Antonio
1213 1139 1407 1194 Mureto,
1425 1140 1495 1182 cui
1517 1139 1599 1196 egli
1632 1140 1833 1184 indirizzo

1014 1230 1104 1275 Ad
1135 1232 1358 1287 Populum
1389 1233 1644 1276 Romanum
1657 1265 1667 1275 .

660 1320 855 1366 Plaudite
885 1323 931 1366 Ιὸ
960 1324 1127 1377 Paean,
1160 1336 1202 1367 et
1236 1326 1283 1367 Ιὸ
1313 1324 1377 1366 bis
1410 1322 1605 1380 plaudite
1639 1327 1800 1367 Paean:

724 1392 861 1425 Aurea
895 1398 1007 1425 nunc
1039 1383 1142 1425 albis
1174 1382 1299 1425 Flora
1332 1385 1573 1440 triumphet
1607 1385 1748 1440 equis:

658 1440 935 1500 Populeaque
967 1454 1086 1500 pater
1115 1443 1361 1499 Tyrrhenus
1393 1441 1540 1486 fronde
1573 1442 1751 1497 relicta,

717 1502 924 1558 Depictus
958 1504 1139 1558 gemmis
1171 1514 1362 1557 tempora
1397 1517 1525 1553 cana,
1557 1504 1689 1547 fluat.

658 1560 761 1605 Dux
793 1561 906 1606 bello
939 1563 1150 1613 invictus3
1175 1561 1286 1605 nulli
1308 1563 1467 1618 pietate
1501 1563 1740 1615 secundus3

717 1620 825 1680 Quo
854 1639 994 1681 neque
1025 1623 1094 1667 vel
1126 1639 1277 1677 magno
1310 1622 1462 1677 justior
1495 1624 1605 1666 Orbe
1639 1625 1777 1680 regit3

655 1682 781 1725 Liber
812 1684 864 1726 ab
895 1685 1082 1741 Imperio
1116 1695 1289 1737 exter-no
1322 1681 1594 1726 Florentibus
1627 1684 1772 1740 Agris3

719 1744 942 1800 Tyrrheno
975 1743 1047 1787 ille
1080 1759 1157 1788 suo
1189 1742 1444 1799 liberiorque
1479 1744 1607 1793 mari3

654 1800 772 1845 Sedis
806 1803 1074 1859 Apostolicae
1092 1821 1105 1855 3
1138 1803 1327 1859 sacrique
1360 1803 1603 1859 redemptor
1633 1801 1807 1845 honoris

715 1862 907 1916 Primus,
939 1875 981 1906 et
1013 1865 1103 1920 ipse
1135 1862 1251 1919 prior
1286 1860 1538 1916 Relligionis
1570 1878 1690 1904 amor

654 1921 776 1977 Euge
808 1935 1036 1966 coronatur
1066 1934 1200 1967 vestra
1233 1938 1347 1964 nunc
1378 1921 1489 1965 Vrbe
1523 1921 1741 1981 Quirites:

718 1984 905 2033 Laurea,
938 1999 1014 2027 nec
1045 1985 1221 2039 cingunt
1253 1994 1416 2039 myrtea
1447 1993 1552 2024 serta
1586 1998 1750 2025 comas:

654 2042 738 2085 Pro
770 2044 924 2085 merito
957 2060 1010 2086 ex
1046 2060 1149 2085 auro
1182 2041 1366 2084 frontem
1399 2042 1631 2086 Diadaema
1655 2056 1842 2085 serenam

714 2102 913 2145 Irradiat:
945 2103 1075 2159 capiti
1109 2104 1248 2155 regius
1278 2101 1394 2144 ardet
1427 2117 1548 2158 apex.

653 2162 871 2206 Pontificis
900 2163 1045 2206 dextra
1080 2163 1215 2219 Tyrio
1248 2162 1518 2205 circundatus
1553 2174 1692 2214 ostro,

713 2221 861 2279 Regali
894 2225 1033 2266 iussus
1065 2223 1217 2266 deinde
1249 2223 1390 2266 sedere
1422 2223 1628 2277 Throno,

653 2282 775 2335 Euge
806 2282 1014 2326 salutatur
1045 2284 1244 2340 Medyces
1276 2283 1379 2326 Dux
1411 2283 1590 2339 Magnus
1623 2284 1882 2324 Hetruscus:

715 2341 770 2386 Se
802 2344 980 2400 dignum
1014 2345 1164 2400 recipit
1196 2344 1382 2386 Thuscia
1417 2343 1592 2400 pulchra
1625 2343 1763 2385 decus.

654 2403 791 2445 Roma
824 2414 1043 2448 coronatae
1075 2405 1215 2461 pigeat
1248 2419 1302 2447 ue
1335 2419 1543 2460 assurgere
1575 2402 1751 2445 Florae:

713 2463 751 2505 E
780 2477 943 2521 septem
976 2476 1096 2508 natae
1127 2464 1306 2507 collibus
1339 2463 1447 2506 alma
1481 2464 1591 2509 saue.

653 2523 932 2581 Thybrisacer
962 2526 1133 2568 fratrem
1165 2523 1326 2568 colito:
1361 2524 1580 2582 fratrisque
1613 2522 1775 2566 coronis

714 2585 750 2625 E
783 2585 926 2629 vitreis
957 2602 1126 2639 surgens
1157 2586 1324 2628 sedibus
1356 2584 1466 2628 alme
1501 2585 1622 2628 faue.

654 2641 766 2687 Haec
799 2646 872 2687 ubi
905 2646 1109 2688 clarisono
1141 2646 1293 2687 cecinit
1326 2645 1462 2687 bonus
1495 2662 1566 2687 ore
1601 2645 1824 2686 Muretus:

715 2704 928 2748 Auditum
961 2709 1049 2764 ripa
1082 2721 1222 2747 rursus
1255 2716 1434 2761 utraque
1466 2705 1562 2747 fuit.

652 2762 850 2809 Plaudite
885 2769 929 2810 Ιὸ
963 2769 1129 2816 Paean,
1154 2776 1195 2807 et
1230 2767 1277 2808 Ιὸ
1309 2765 1371 2806 bis
1405 2762 1597 2822 plaudite
1630 2766 1770 2807 Paen:

713 2826 853 2871 Aurea
886 2843 998 2871 nunc
1032 2824 1134 2869 albis
1165 2823 1290 2868 Flora
1325 2825 1562 2883 triumphet
1597 2825 1730 2883 equis.

651 2943 703 2987 In
734 2951 765 2991 si
798 2945 900 2990 satta
924 2947 1173 2991 circostanza
1195 2960 1472 3003 comparvero
1495 2960 1601 3004 pure
1620 2945 1636 2988 i
1658 2944 1743 2991 du'e
1783 2944 1973 3002 seguenti
1991 2942 2067 2986 Di>-
