2441 3841
1689 490 1814 525 1⁴:111

403 558 653 627 alelmo
685 556 790 625 dei
828 562 1038 627 nostri
1066 561 1349 647 Istorioi,
1384 568 1419 631 ὲ
1452 560 1559 630 del
1593 588 1873 655 segnen-

401 672 469 721 le
507 672 774 722 tenore:

496 754 1029 817 lustramentum
1092 753 1600 819 Protestationis
1619 757 1871 843 factae

399 872 442 911 a
476 848 620 914 Ser.
640 846 1002 911 Franeiseo
1024 849 1283 939 flffagno
1318 850 1639 914 Etruriae
1672 854 1871 918 Duce

396 941 508 1006 die
554 940 653 1007 15.
684 939 1047 1006 Februarii
1088 941 1285 1032 1575.
1317 942 1464 1007 Ind.
1499 969 1585 1009 lv.

491 1039 572 1100 In
606 1036 746 1101 Dei
790 1037 1091 1103 Nomine
1131 1039 1375 1103 Amen.
1412 1040 1616 1105 Anno
1669 1042 1871 1106 Dom.

393 1129 665 1196 Incarn.
709 1158 729 1197 1
750 1131 903 1223 575.
935 1132 1082 1197 Ind.
1116 1159 1202 1199 lv.
1235 1149 1298 1199 et
1336 1134 1447 1199 die
1489 1135 1871 1200 tertiadeci-

393 1250 508 1290 ma
520 1227 767 1291 mensis
784 1226 1157 1305 Februarii7
1178 1231 1507 1324 Gregorio
1525 1257 1664 1297 xm.
1676 1234 1872 1301 Sum-

393 1347 503 1385 mo
539 1323 868 1413 Pontg‘siee
893 1376 907 1401 7
941 1339 1007 1389 et.
1034 1327 1178 1393 Ser.
1215 1327 1574 1391 Franoiseo
1596 1328 1867 1393 Mecliee

394 1419 650 1509 fllagno
688 1420 1006 1483 Etruriae
1043 1424 1239 1485 Duce
1273 1421 1698 1487 dominante:
1730 1424 1868 1488 Ae·

393 1525 539 1575 tum
571 1513 954 1578 Florentiae
987 1515 1055 1578 in
1091 1516 1361 1581 Palatio
1389 1516 1695 1609 praefiiti
1723 1520 1868 1586 Ser.

394 1607 642 1696 filagni
670 1608 889 1672 Ducis
908 1662 927 1690 7
960 1610 1083 1674 sito
1116 1611 1188 1674 in
1221 1613 1486 1702 Populo
1520 1616 1588 1681 S.
1619 1616 1871 1678 Romu-

391 1700 471 1779 li,
487 1701 958 1791 praesentibus
980 1703 1231 1768 ibidem
1250 1707 1462 1770 Illust.
1481 1711 1683 1771 Doni.
1704 1711 1869 1772 Bar-

391 1796 774 1861 tholomaeo
835 1799 997 1862 olim
1049 1802 1135 1864 D.
1184 1801 1465 1865 Ioannis
1515 1803 1865 1894 Baptistae

390 1891 474 1955 de
513 1893 838 1958 Concinis
888 1894 975 1959 de
1030 1895 1408 1962 Comitibus
1453 1900 1729 1962 Pennae
1754 1951 1768 1980 7
1802 1914 1867 1964 et

292 2043 296 2047 .
390 1987 770 2080 fflagnyieo
805 1992 892 2056 D.
928 1990 1225 2055 Antonio
1265 1994 1352 2057 D.
1390 1993 1748 2059 Laurentii
1780 1993 1864 2058 cle

386 2083 693 2150 Serviclis
726 2086 973 2178 Equite
994 2088 1062 2155 S.
1081 2088 1440 2178 Stephani,
1473 2088 1746 2154 testibus
1773 2090 1873 2155 ad

391 2177 831 2271 itfiaseripta
864 2182 1096 2273 omnia
1119 2234 1135 2265 7
1168 2197 1233 2247 et
1262 2182 1531 2276 singula
1566 2185 1829 2249 voeatis
1850 2238 1867 2269 7

390 2272 635 2338 habitis
654 2327 669 2358 7
716 2281 784 2341 ‘et
829 2277 1100 2370 rogatis·
1137 2279 1418 2345 Cunctis
1445 2293 1683 2371 pateat
1718 2281 1865 2346 evi-

388 2369 630 2434 denter
648 2423 665 2454 7
697 2373 998 2465 qualiter
1025 2373 1096 2438 in
1114 2374 1282 2456 mei7
1301 2389 1364 2439 et
1381 2375 1654 2441 testium
1664 2400 1867 2468 prae-

385 2464 752 2532 missorum
782 2470 1176 2560 praesentia
1212 2471 1670 2562 personaliter
1705 2497 1866 2537 oon-

388 2560 657 2629 stitutus
677 2565 823 2632 Ser.
836 2565 1177 2631 Dominus
1196 2580 1422 2631 noster
1437 2565 1641 2633 Dom.
1660 2568 1868 2634 Fran-

389 2656 611 2724 ciseus
652 2660 958 2726 ,Mecliees
992 2663 1293 2753 Magnus
1329 2665 1505 2728 Dux
1541 2663 1862 2729 Etruriae

392 2775 458 2815 11.
487 2768 550 2819 et
580 2755 1166 2841 animadvertens7
1199 2758 1375 2822 alias
1376 2759 1622 2846 felicis
1648 2782 1865 2823 reeor-

392 2851 682 2919 dationis
701 2856 848 2923 Ser.
871 2856 1204 2921 Cosmum
1233 2854 1579 2919 IVIedioem
1611 2857 1859 2942 Proge-

393 2949 679 3015 nitorem
711 2975 913 3014 suum
936 3000 959 3031 7
984 2962 1142 3013 tune
1186 2948 1568 3014 Florentiae
1590 2998 1606 3030 7
1644 2948 1861 3015 Sena·
